2007 2771
379 90 1492 181 LIBR11.FA13ULA1.

596 278 661 359 F
774 281 858 364 A

972 288 1056 367 B.
1233 286 1283 366 Ι.

491 455 787 497 LUPUS
863 456 967 498 ET
1042 456 1364 500 AGNUS,

262 606 305 648 D
350 582 544 645 rivum
568 576 831 641 eundern
860 580 1065 665 Lupus
1098 580 1167 643 &
1194 579 1402 663 Agnus
1422 602 1725 665 venerant,

248 683 354 748 Siti
380 673 706 762 compulsi.-
751 674 1012 763 superior
1045 674 1230 738 stabat
1257 680 1463 764 Lupus
1481 729 1499 755 ‚

120 787 456 866 Longeque
481 773 724 837 inferior
749 775 966 858 Agnus
993 800 1005 834 :
1050 791 1189 837 tunc
1216 774 1388 839 fauce
1416 781 1688 865 improba

119 887 303 945 Latro
330 880 604 942 incitatus
634 876 809 957 jurgii
837 871 1069 935 causum
1099 874 1305 935 intulit.

120 983 280 1048 Cur,
326 982 546 1061 inquit,
594 970 997 1034 turbulentam
1025 968 1219 1032 fecisti
1253 970 1405 1032 mihi

119 1079 297 1141 Istam
325 1076 589 1138 bibenti?
634 1073 893 1154 Laniger
922 1087 1123 1131 contra
1149 1073 1368 1132 timens
1386 1114 1404 1138 ‚

120 1170 248 1247 Qui
273 1169 504 1257 possum
522 1219 539 1244 ,
560 1167 749 1255 quaeso
767 1219 784 1243 ,
811 1166 1006 1231 facere
1033 1168 1195 1253 quod
1212 1174 1463 1252 quereris
1478 1210 1496 1237 ,
1519 1170 1725 1255 Lupe?

122 1274 185 1333 A
212 1287 270 1330 te
297 1267 554 1330 decurrit
580 1265 651 1328 ad
677 1287 848 1328 meos
878 1265 1111 1327 haustus
1139 1265 1346 1348 liquor.

122 1366 406 1452 Repulsus
434 1365 528 1427 ille
556 1366 811 1427 veritatis
839 1364 1056 1428 viribus
1073 1406 1091 1431 ‚

1556 1463 1725 1526 Ante

569 1584 676 1618 AD
739 1584 1296 1618 FABULAMJ»

165 1667 191 1688 1.
214 1654 352 1688 Lupus
375 1663 421 1686 er
443 1654 608 1692 Aenus]
652 1653 769 1693 Quibus
796 1652 899 1684 sortito

121 1698 253 1739 obtigiss'e
267 1698 444 1728 discordiam
458 1698 497 1727 ait
511 1696 663 1726 Horatius.

165 1750 192 1770 2⁷
214 1730 236 1769 S
243 1749 265 1770 υ
275 1748 289 1769 P
297 1747 315 1768 E
323 1748 345 1769 R
354 1749 362 1769 1
371 1748 392 1769 o
400 1740 442 1774 R]
466 1738 588 1776 Propius
596 1737 712 1768 fontem
720 1760 728 1776 ,
736 1736 814 1767 unde
823 1745 900 1775 aqua

121 1780 300 1810 scaturiebat.

165 1832 191 1862 3.
215 1821 277 1852 INF
288 1830 304 1851 F.
314 1820 432 1855 RioR]
456 1818 613 1850 Remotins
629 1829 646 1849 a
660 1818 751 1849 fonte.

162 1874 190 1903 4.
214 1861 242 1892 L
251 1872 273 1892 A
282 1872 301 1892 T
311 1871 331 1892 R
341 1865 381 1899 o]
404 1860 508 1900 Lupus
523 1862 562 1891 ita
574 1860 683 1898 dietus,
706 1859 900 1899 quialatroci-

125 1905 177 1934 niis
197 1903 225 1933 &
245 1904 372 1934 ferarum
394 1903 634 1933 dilaniationibus
649 1902 764 1943 gaudet.
793 1901 899 1941 virgil.

120 1953 258 1986 raptorem
278 1945 454 1975 nominavit.
485 1943 534 1973 Sic
549 1943 644 1973 noster
665 1942 739 1973 infra
760 1950 900 1983 raptorem

121 1988 264 2025 miluum,
286 1986 517 2017 calumniatorem
532 1994 639 2015 canem
653 1990 751 2014 vocat.

161 2028 175 2066 J
186 2038 207 2059 υ
216 2037 236 2058 R
247 2037 265 2059 G
275 2039 301 2059 11
324 2036 341 2057 c
350 2036 373 2057 A
381 2037 403 2058 υ
412 2035 427 2057 s
436 2036 458 2057 A
467 2027 511 2061 Μ]
530 2027 719 2068 Jurgiicczufiz
734 2024 772 2055 est
780 2025 900 2064 projura

121 2070 187 2110 gio,
209 2076 240 2099 ut
253 2081 295 2100 res
309 2070 366 2099 cibi
380 2069 455 2099 infra
469 2077 522 2107 pro
537 2069 615 2098 cibo.
650 2066 699 2097 Sic
713 2078 756 2097 res
768 2066 900 2108 volupta-

120 2118 183 2141 tum
198 2111 273 2150 apud
294 2110 386 2141 Plaut.
407 2120 460 2149 pro
482 2110 689 2148 voluptatibus.
720 2108 901 2151 Inferrejur-

121 2155 216 2189 aium,
238 2152 342 2182 dicitur
355 2159 386 2182 ut
400 2152 505 2182 inferre
519 2152 602 2181 litem
617 2150 694 2189 apud
709 2148 900 2179 Ciceronem„

116 2184 193 2222 ‘Hoc
207 2195 284 2230 vult,
307 2195 410 2232 lupum
425 2195 557 2231 aliquam
578 2192 697 2222 causam
719 2193 763 2221 vel
785 2197 902 2229 praetex-

122 2241 187 2265 tum
207 2242 415 2266 commentum
435 2234 490 2264 effe
503 2258 512 2273 ,
533 2240 565 2264 ut
579 2233 801 2275 agnojurgium
816 2232 902 2262 infer—

122 2283 171 2305 ret.

166 2316 178 2346 Ι
187 2326 206 2346 N
215 2325 234 2346 T
243 2324 265 2346 U
274 2327 292 2348 L
300 2327 308 2348 1
316 2317 358 2352 T]
388 2316 492 2347 Movit
514 2317 670 2348 materiam
691 2317 756 2347 rixae
771 2326 778 2347 :
807 2316 901 2347 rixam

124 2358 279 2388 affectavit.

163 2400 191 2429 6.
217 2399 228 2429 Ι
238 2410 252 2429 s
262 2408 281 2428 T
290 2408 311 2429 A
321 2398 366 2433 Μ]
389 2398 511 2437 Aquam
524 2409 645 2439 nempe⁷
664 2398 900 2430 demonstrative.

123 2440 171 2470 Sic
188 2442 384 2483 loquebantur
399 2447 515 2470 veteres.
537 2440 609 2471 Ter.
622 2441 731 2472 Heaut.
748 2450 775 2482 3.
793 2451 818 2470 1.
841 2441 902 2471 Ln-

124 2483 202 2520 cefiit
219 2483 351 2528 [mejam.
388 2482 449 2514 Hoc
464 2483 504 2514 ita
522 2482 655 2515 sumtum
668 2484 782 2515 coelum
797 2482 903 2523 fignifi-

123 2530 178 2554 cat.

983 1652 1175 1690 Bmmn]
1204 1652 1295 1692 Quasi
1317 1651 1447 1691 diceret,
1477 1662 1558 1685 nunc
1578 1656 1726 1696 maxime,

941 1704 1013 1725 cum
1027 1695 1138 1725 videres
1153 1704 1202 1724 me
1217 1695 1322 1725 bibere.
1345 1693 1498 1726 Debuisses
1513 1696 1618 1728 saltem
1632 1698 1727 1737 exspe-

942 1735 1035 1775 Etare‚
1056 1737 1153 1766 donec
1167 1735 1307 1767 bibissem.

985 1776 1198 1813 LANlGER]
1228 1777 1334 1818 Agnus
1354 1800 1363 1816 ‚
1405 1779 1486 1817 quod
1508 1781 1608 1811 lanam
1636 1788 1725 1821 gerat.

942 1817 985 1848 Ita
1013 1819 1108 1848 solent
1131 1819 1213 1856 loqui
1236 1820 1337 1857 po'e'tae.
1381 1819 1514 1850 Avienus
1529 1824 1642 1852 auritus
1656 1823 1727 1852 dixit

941 1868 996 1898 pro
1023 1861 1130 1899 lepore.
1180 1858 1230 1889 Sic
1257 1859 1352 1890 noster
1379 1861 1522 1892 auritulus
1555 1863 1645 1893 etiarn
1673 1873 1727 1902 pro

943 1901 1040 1939 alitio,
1061 1901 1168 1931 latrans
1203 1910 1257 1939 pro
1284 1911 1358 1932 cane
1373 1925 1381 1939 ‚
1409 1903 1542 1932 barbatus
1564 1913 1617 1941 pro
1635 1905 1726 1935 hirco*

943 1942 1034 1981 Apud
1055 1943 1129 1972 alios
1157 1945 1268 1972 cornuti
1293 1944 1339 1972 vel
1362 1946 1517 1984 mugientes
1539 1944 1577 1974 est
1600 1954 1652 1983 pro
1674 1947 1726 1976 bo-

944 1984 996 2013 bus
1011 1995 1022 2014 :
1051 1983 1179 2014 volantes
1193 2007 1201 2022 ‚
1229 1993 1282 2022 pro
1298 1985 1399 2015 avibus
1415 1994 1421 2014 2
1444 1985 1569 2015 balantes
1589 1995 1642 2024 pro
1663 1988 1726 2017 ovi-

942 2025 994 2055 bus
1010 2034 1016 2055 :
1051 2032 1182 2055 natantes
1195 2048 1204 2063 ‚
1238 2026 1285 2055 vel
1311 2027 1490 2068 squamigeri
1517 2036 1570 2065 pro
1591 2027 1725 2066 piscibus.

943 2066 1019 2105 Quae
1033 2067 1139 2096 omnia
1161 2068 1286 2106 longum
1307 2067 1373 2098 ess'et
1390 2067 1544 2098 recensere.

986 2115 1012 2146 7.
1036 2107 1116 2146 Qui
1139 2110 1318 2145 Possim]
1348 2108 1421 2147 Quo
1442 2109 1529 2147 patio
1543 2118 1599 2150 ego
1615 2119 1725 2149 aquam

944 2150 994 2179 tibi
1009 2150 1209 2179 turbulentam
1223 2149 1341 2179 reddere
1355 2148 1489 2188 possum?

985 2190 1109 2229 QUOD
1131 2193 1362 2228 QUERsskis]
1398 2190 1489 2230 Queri
1511 2194 1642 2231 aliquam
1663 2204 1726 2225 rem

943 2232 1049 2263 dicitur
1064 2256 1072 2270 ‚
1095 2241 1166 2262 cum
1187 2233 1288 2271 aliquo
1303 2257 1311 2271 ,
1333 2233 1369 2263 de
1390 2234 1491 2272 aliquo
1505 2258 1513 2272 ‚
1542 2234 1569 2264 ὃ(
1585 2235 1660 2274 apud
1677 2237 1727 2265 ali-

944 2283 1044 2313 quem,
1066 2273 1137 2303 Vid.
1154 2272 1302 2305 Schorum
1313 2275 1341 2305 in
1357 2283 1432 2304 voce
1446 2275 1563 2318 Qseror.

986 2313 1013 2344 8.
1043 2313 1104 2345 An
1127 2323 1230 2346 MEOS
1252 2320 1467 2354 HAUSTUS]
1498 2317 1548 2348 Ad
1577 2328 1627 2348 me
1656 2319 1725 2348 liau-

943 2364 1076 2387 rientem.

984 2408 1012 2437 9.
1038 2397 1232 2434 Vikissus]
1256 2398 1313 2438 Vi,
1335 2400 1482 2437 efficacia,
1505 2400 1610 2430 robore
1625 2403 1727 2430 veiim-

945 2441 995 2477 tis‚
1018 2448 1082 2477 quae
1102 2438 1131 2470 se
1152 2440 1216 2472 sola
1235 2440 1301 2472 satis
1317 2441 1424 2481 absque
1445 2441 1613 2472 testimonio
1630 2445 1727 2472 alieno

945 2488 1049 2512 tuetur.

1019 2563 1087 2596 Α),
1556 2564 1726 2602 izllos,¹
