2007 2771
226 83 342 132 126
422 65 902 131 PHAEDRI
983 65 1749 136 FABULARUM

169 172 659 234 10Auecor1tatem
687 169 891 231 similis
920 167 1176 230 referens
1206 168 1418 252 gloriae.

222 272 396 359 Opus
426 271 802 355 adprobavit:
849 267 949 333 sed
979 270 1271 334 mercedis
1300 273 1531 332 tertiam

222 371 482 454 Accepit
507 384 748 452 partem.
803 367 1010 454 Qum
1043 370 1338 455 reliquum
1370 367 1665 453 posceret:

220 471 351 538 Illi,
393 473 616 554 inquit,
653 469 940 543 reddent,
971 488 1232 553 quorum
1259 464 1390 527 sunt
1418 465 1606 529 laudis
1636 467 1784 531 duae.

221 572 452 636 Verum
482 594 556 633 ne
588 575 727 634 irate
755 567 1060 634 dimiffum
1088 586 1146 628 te
1173 564 1458 640 sentiam,

168 667 327 730 15Ad
358 691 602 732 coenam
628 669 782 732 mihi
806 671 1122 756 promitte,
1167 681 1457 749 cognatos
1486 665 1633 728 volo

219 767 422 831 Hodie
452 774 697 835 invitare
715 820 733 845 ,
774 792 1032 856 quorum
1069 792 1128 832 es
1157 772 1221 830 in
1251 789 1499 831 numero
1530 767 1698 831 mihi.

219 866 533 930 Fraudatus
562 873 868 955 quamvi5‚
915 874 984 934 ὃς
1011 869 1221 931 dolens
1253 869 1495 945 injuria,

221 969 319 1033 Ne
343 968 495 1030 male
527 968 823 1031 dimiffam
850 972 1099 1053 gratiam
1129 983 1531 1052 corrumperet
1548 1010 1568 1036 ,

217 1066 498 1130 Promisit.
551 1067 727 1129 rediit
754 1065 898 1127 hora
928 1066 1123 1133 dieta,
1173 1067 1460 1129 recubuit.

164 1167 579 1253 wSplendebat
607 1166 786 1229 hilare
817 1165 1045 1251 poculis
1078 1168 1449 1229 convivium.

220 1266 460 1349 Magno
488 1283 766 1351 apparatu
797 1263 920 1326 laeta
948 1260 1257 1326 resonabat
1282 1263 1535 1326 domus:

807 1369 811 1371 ·
1562 1348 1834 1431 Repente

265 1457 311 1479 10.
334 1447 364 1479 A
372 1456 395 1479 υ
402 1456 420 1478 c
430 1457 450 1479 T
459 1456 479 1478 o
487 1454 509 1476 R
519 1456 527 1477 r
536 1455 589 1477 TA
598 1453 617 1475 τ
626 1454 644 1476 E
653 1447 700 1481 M]
715 1443 869 1485 Significat
883 1443 1007 1475 retulisse
1130 1442 1234 1474 Verum
1248 1454 1282 1474 ne
1296 1445 1406 1484 ingrate
1419 1448 1448 1471 te
1461 1442 1603 1483 dimifflaem
1609 1443 1676 1482 sent
1685 1446 1723 1475 ku.

219 1488 426 1528 Simonidem,
449 1497 512 1527 quae
532 1485 569 1517 de
589 1487 674 1517 fimili
690 1484 819 1516 Castoris
833 1485 861 1515 &
875 1485 1008 1516 Pollucis
1093 1492 1138 1522 15.
1161 1484 1214 1514 PR
1224 1493 1323 1515 0M11·
1333 1484 1400 1518 TE]
1424 1482 1570 1515 Formula
1583 1484 1622 1514 est
1644 1486 1835 1519 invitantium

219 1531 343 1562 victoria
364 1535 570 1560 memorantur
585 1550 594 1565 ,
622 1537 657 1557 ac
678 1536 727 1565 per
748 1528 1008 1565 comparationem
1049 1524 1161 1555 Plinius
1176 1524 1265 1564 Epist.
1283 1535 1328 1563 15.
1344 1525 1394 1554 lib.
1405 1533 1431 1555 1.
1446 1525 1521 1556 Heus
1535 1528 1719 1567 tupromittis
1731 1528 1772 1558 ad
1783 1538 1836 1559 coe-

221 1571 304 1603 istam
319 1581 391 1602 cum
405 1573 459 1602 hac
474 1568 612 1607 victoria,
635 1567 840 1598 auctoritatem
854 1566 936 1598 fuisse
944 1577 1009 1598 ma·
1050 1576 1118 1595 nam
1132 1577 1181 1596 nec
1194 1566 1282 1596 venti.

217 1613 317 1653 jorem
332 1614 383 1644 illi.
1095 1607 1141 1637 16.
1165 1607 1353 1647 QUORUM
1375 1615 1415 1638 Es
1437 1617 1476 1639 in
1498 1611 1689 1647 NUMERO]
1724 1609 1835 1653 Egote

261 1654 341 1685 REF
351 1663 425 1685 ERE
435 1655 496 1691 ns]
524 1651 791 1683 Commemorans.
828 1648 899 1689 Sup.
915 1649 964 1681 lib.
981 1659 1007 1681 1.
1050 1658 1105 1688 pro
1120 1650 1171 1680 tali
1185 1650 1279 1680 habeo
1293 1672 1301 1687 ‚
1323 1658 1379 1690 ego
1395 1656 1422 1678 te
1435 1650 1508 1680 iuter
1523 1658 1668 1691 cognatos
1681 1662 1766 1683 meos
1781 1663 1836 1684 nu-

221 1695 279 1728 fab,
295 1705 323 1726 2,
1051 1700 1136 1721 mero
1151 1701 1157 1721 :
1187 1691 1262 1722 adeo
1284 1700 1346 1721 non
1369 1690 1455 1720 debes
1469 1691 1506 1721 de
1521 1692 1562 1721 ira
1576 1693 1707 1731 quadam
1722 1704 1790 1725 mea
1804 1695 1836 1726 in

302 1738 408 1778 AEfhpus
422 1735 509 1766 talem
523 1743 586 1765 tum
594 1735 730 1772 fabellam
743 1733 866 1764 rettulit.
1050 1738 1078 1762 te
1092 1731 1237 1771 suspicari.
1266 1732 1353 1763 Olim
1371 1741 1442 1762 cum
1457 1733 1545 1763 alicui
1560 1734 1834 1775 adblandiebantur,

222 1777 251 1809 ἂ
265 1779 296 1809 in
312 1779 418 1810 fabulae
433 1778 517 1816 hujus
532 1777 634 1814 initio⁷
1050 1783 1120 1804 eum
1134 1781 1263 1812 patrem,
1285 1774 1406 1805 fratrem
1420 1772 1475 1804 ὅτε.
1496 1776 1652 1806 vocabant.
1696 1777 1768 1809 Inde
1782 1779 1832 1809 ille

302 1820 458 1851 Simonides
473 1818 548 1849 idem
562 1818 624 1857 ille,
643 1817 676 1847 de
690 1828 742 1859 quo
757 1815 865 1847 rettuli.
1049 1815 1218 1847 adolescens
1234 1815 1311 1855 apud
1318 1814 1496 1845 Terentium
1511 1815 1695 1848 Phormione
1709 1829 1735 1860 3.
1745 1830 1772 1850 2.
1784 1829 1831 1851 11.

265 1871 277 1892 1
286 1872 312 1892 1.
335 1861 389 1892 Ap
398 1871 413 1892 ν
422 1870 443 1891 R
453 1869 498 1891 OB
507 1869 530 1891 A
539 1869 557 1889 v
568 1863 627 1898 rr]
671 1857 841 1889 Simonides
863 1858 905 1888 illi
919 1880 928 1896 ‚
957 1857 1007 1896 qui
1129 1853 1176 1887 Tu
1189 1858 1263 1888 mihi
1279 1863 1417 1898 cognatus,
1439 1864 1472 1886 tu
1480 1865 1584 1898 parens
1597 1882 1606 1896 ‚
1628 1866 1661 1889 tu
1674 1864 1786 1890 amictu.

221 1902 272 1934 sub
286 1910 364 1934 certa
379 1902 514 1934 mercede
529 1901 558 1931 id
575 1901 611 1931 ab
625 1910 660 1931 eo
675 1906 815 1940 exegerat.
1048 1896 1119 1928 Nec
1132 1901 1264 1929 multum
1278 1899 1337 1928 abit
1351 1907 1368 1927 a
1382 1906 1466 1928 more
1479 1898 1660 1930 nostratium.

266 1943 588 1982 12.REL1QUUM]
625 1941 694 1972 Vox
725 1940 940 1980 quadrisyllaba
958 1949 1007 1979 per
1095 1947 1141 1978 17.
1165 1939 1430 1970 FRAUDATUS
1452 1942 1658 1976 QUAMVlsj
1682 1940 1829 1981 Quamvis

222 1986 346 2017 diaerefin
370 1987 410 2017 ob
431 1985 556 2016 versum.
1047 1981 1123 2022 justa
1136 1981 1271 2012 mercede
1283 1981 1440 2011 destitutus.

267 2039 278 2058 1
287 2037 312 2068 3.
336 2027 364 2058 R
372 2037 390 2059 E
399 2037 422 2058 D
430 2037 452 2058 D
460 2037 478 2058 E
487 2037 506 2057 N
515 2027 556 2062 T]
600 2023 739 2055 Remittit
759 2023 950 2055 Simonidem
971 2023 1009 2054 ad
1096 2033 1107 2053 1
1115 2022 1142 2053 8.
1165 2022 1204 2053 M
1213 2031 1236 2052 A
1245 2032 1263 2053 L
1270 2024 1309 2057 E]
1332 2020 1468 2052 Refertur
1482 2022 1518 2053 ad
1534 2031 1729 2065 corrumperet.
1758 2025 1830 2056 Ma-

223 2077 289 2107 eos,
311 2071 389 2099 velut
405 2070 549 2100 debitores
564 2066 601 2097 ad
616 2066 794 2097 solvendum
808 2073 932 2105 paratos.
1047 2066 1072 2096 le
1086 2072 1262 2105 corrumpere
1275 2063 1313 2093 est
1328 2063 1526 2101 imprudenter
1543 2064 1571 2094 ἃ
1591 2075 1660 2095 ειη-ιε
1677 2066 1730 2097 suo
1744 2067 1830 2098 detri-

265 2110 381 2146 DUAE]
406 2110 450 2140 Sc.
473 2109 587 2139 Partes.
609 2115 640 2138 ut
661 2107 758 2138 sensus
779 2108 824 2139 fit:
848 2107 909 2145 Illi,
932 2115 1006 2145 quo·
1048 2113 1151 2137 mento
1168 2114 1370 2144 corrumpere,
1394 2107 1439 2134 vel
1454 2106 1580 2144 perdere.
1603 2106 1709 2137 Sensus
1724 2108 1778 2147 cst,
1793 2118 1830 2140 ne

224 2160 292 2181 rum
309 2150 373 2180 sunt
388 2152 451 2181 duae
473 2151 590 2189 reliquae
613 2156 705 2188 partes
729 2149 921 2187 laudationis,
943 2148 1006 2177 rcd-
1048 2150 1127 2179 male
1148 2153 1346 2185 corrumperet
1366 2147 1492 2186 gratiam
1506 2171 1514 2187 ‚
1536 2148 1555 2178 fi
1575 2157 1642 2180 eam
1656 2149 1831 2191 dimitteret,

225 2193 296 2222 dant
311 2192 377 2232 tibi,
398 2192 479 2231 quod
494 2191 699 2231 postulas‚ego
714 2192 795 2221 enim
810 2191 890 2230 quod
906 2189 1005 2229 paetus
1048 2199 1083 2220 ac
1097 2188 1238 2219 recusaret
1252 2190 1383 2219 oblatam

225 2233 290 2264 sum
305 2243 358 2272 pro
374 2244 441 2264 mea
455 2239 549 2273 parte,
571 2231 654 2262 solvi.
698 2231 791 2263 Faber
807 2233 875 2274 legit
890 2242 952 2263 non
968 2232 1006 2261 ita
1092 2240 1139 2270 19.
1160 2229 1332 2265 Rmmr]
1357 2229 1499 2269 Acceffit,
1521 2232 1600 2262 venit
1615 2232 1723 2263 denuo.

226 2277 326 2314 male,
1088 2272 1245 2308 Diem]
1268 2271 1443 2302 Constituta.
1467 2272 1516 2303 Sic
1532 2273 1624 2312 supra.

307 2316 366 2356 Illi,
388 2319 498 2360 inquit,
520 2317 652 2354 reddent,
673 2327 791 2359 quorum
805 2315 875 2354 sunt
897 2313 1008 2352 laudes,
1088 2312 1311 2344 RECUBmT.
1335 2313 1493 2345 Accubuit.
1516 2315 1621 2345 Horat.
1641 2325 1651 2345 ι
1671 2314 1827 2354 Epistol.1.

383 2359 445 2388 dero.
1127 2356 1160 2385 Si
1190 2362 1244 2385 otes
1264 2354 1405 2386 Archaictss'
1421 2360 1548 2386 conviva
1567 2358 1724 2387 recumbere
1738 2356 1820 2389 ledii.

269 2409 314 2440 14.
338 2398 397 2430 NE
421 2400 568 2434 1RATE]
598 2398 646 2429 Ut
668 2398 776 2436 sciam,
799 2404 829 2427 ut
844 2405 938 2428 certus
953 2397 1004 2427 sim
1090 2407 1136 2427 21.
1195 2399 1429 2434 ESONABAT]
1454 2397 1537 2437 Virg.
1561 2397 1704 2436 AEneide‚

224 2447 251 2471 te
265 2451 326 2472 non
343 2443 412 2471 irate
425 2440 585 2471 dimissum.
609 2439 643 2469 N
646 2450 695 2470 am
712 2440 729 2469 fi
745 2450 805 2469 non
814 2441 1005 2477 promitteret,
1168 2439 1308 2478 Resonant
1321 2439 1378 2469 late
1392 2439 1561 2482 clangoribus
1571 2439 1647 2469 aedes.

224 2484 331 2514 iratum
346 2483 413 2514 iude
427 2484 577 2524 colligeret
591 2481 789 2512 Simonidem.
811 2482 962 2519 Hominis,
1045 2480 1170 2511 lterum:

1773 2520 1823 2552 Fit
