2007 2771
270 91 616 151 LIBRI
678 84 858 148 HL·
912 88 1588 155 PROLOGUS.
1685 118 1747 166 55

150 193 220 251 In
253 209 376 274 quo
404 190 633 249 tonanti
658 182 851 246 saneta
882 185 1280 271 Mnemosyne
1311 187 1449 270 Jovi

147 289 451 351 Foecunda
478 290 688 350 novies
719 288 963 348 Artium
991 289 1212 370 peperit
1243 285 1523 359 chorum,

155 386 444 471 Qamvis
474 386 537 443 in
566 380 688 467 ipsa
716 405 865 467 pene
890 384 1000 444 sim
1027 402 1191 443 natus
1219 380 1447 457 schola,

1763 409 1808 434 20

149 485 491 565 Curamque
523 479 784 540 habendi
809 483 1036 564 penitus
1062 478 1242 540 corde
1273 481 1569 546 eraserim,

146 584 226 641 Et
246 578 418 640 laude
448 577 633 639 multa
661 579 847 640 vitam
877 579 937 637 in
968 575 1119 637 hanc
1144 577 1544 651 incubuerim,

188 802 235 835 18.
258 802 476 838 TONANTr]
505 801 663 841 Epitheton
686 801 724 833 est
743 800 827 839 Jovis
841 824 849 839 ‚
873 802 922 839 qui

143 844 172 875 ἃ
186 844 318 876 absolute
331 841 442 875 Tonans
454 844 569 875 dicitur.
590 842 683 874 Ovid.
705 843 834 883 Epistola
847 841 923 872 Dei·-

144 897 246 920 anirae.

226 927 300 958 Velit
312 927 360 957 hoc
374 926 519 957 Germana
533 921 681 964 Ybnant133

145 970 163 999 i.
178 978 202 999 e.
217 969 304 1007 Juno.

184 1009 225 1040 M
234 1019 278 1042 NE
287 1009 467 1043 MOSYNE]
496 1007 640 1047 Nympha
659 1006 753 1037 Pieria
767 1030 775 1044 ‚
797 1016 861 1046 quae
874 1006 924 1035 ha-

143 1052 204 1081 buit
225 1060 259 1081 ex
279 1050 353 1088 Jove
380 1059 492 1080 novem
512 1048 627 1079 Musas.
669 1047 739 1078 Vox
760 1047 864 1078 Graeca
884 1046 923 1077 est

142 1093 312 1139 μνημοσύνη
329 1120 337 1130 ,
367 1100 431 1129 quae
444 1092 627 1121 memoriam
641 1090 792 1131 significat.
825 1089 925 1119 Po'e‘tae

143 1142 219 1172 hanc
233 1139 393 1170 Musarum
407 1146 535 1170 matrem
549 1139 673 1177 finxere,
701 1139 769 1177 quia
782 1139 923 1167 omnium

141 1182 330 1213 scientiarum
343 1181 491 1212 thesaurus
504 1181 649 1210 beneficio
664 1179 816 1210 memoria:
824 1179 926 1216 acqui-

143 1224 214 1253 ritur
228 1222 256 1252 &
270 1222 466 1253 conservatur.
488 1221 585 1251 Habet
600 1230 671 1251 vero
685 1229 798 1250 nomen
813 1229 924 1249 novem

142 1266 237 1294 literas
251 1273 305 1303 pro
319 1272 445 1293 numero
458 1262 596 1292 filiarum.

187 1315 234 1345 19.
256 1304 482 1336 FoacuNDA
505 1301 671 1337 Novtas]
708 1300 783 1341 Quae
811 1310 922 1331 novem

145 1346 232 1376 foetus
246 1346 335 1376 edidit
349 1354 412 1375 uno
424 1352 517 1383 partu.
688 1360 691 1361 ν

187 1387 378 1423 Annum]
412 1385 573 1416 Musarum
587 1406 596 1422 ,
623 1392 686 1423 quae
707 1390 780 1413 artes
804 1384 922 1413 invene-

145 1435 220 1459 runt.

185 1469 299 1500 CHOR
309 1468 385 1504 um]
419 1467 536 1499 Chorus
557 1466 672 1505 proprie
691 1463 730 1495 est
751 1473 921 1495 coaevorum

145 1518 247 1541 cantus
267 1511 295 1541 ἂ
315 1511 430 1541 saltatio
450 1510 481 1539 in
502 1508 650 1549 tragoediis
678 1514 727 1537 aut
754 1507 921 1537 comoediis.

145 1551 299 1592 Accipitur
319 1561 389 1582 vero
409 1552 569 1589 improprie
586 1558 640 1587 pro
661 1548 766 1587 quovis
786 1548 922 1586 persona-

144 1603 212 1624 rum
225 1603 365 1631 numero,
387 1591 415 1622 &
430 1593 476 1623 hic
491 1601 544 1631 pro
559 1599 670 1620 novem
683 1588 795 1626 Mufis,
809 1589 923 1627 quaedi-

142 1642 248 1665 cuntur
261 1642 334 1665 artes
348 1632 495 1665 invenisse.
535 1632 634 1662 Prima
653 1632 813 1660 vocabatur
834 1630 922 1669 CliO,

143 1676 264 1706 historiae
277 1685 396 1714 parens3
418 1673 554 1705 Secunda
561 1672 774 1711 Melpomene,
795 1670 859 1702 Tra
880 1680 922 1700 oe-

144 1717 200 1747 diae
213 1726 220 1746 :
241 1716 346 1747 Tertia
358 1715 471 1746 Thalia
483 1738 494 1753 ,
513 1713 682 1744 Comoediae
698 1723 705 1743 :
733 1712 849 1751 Quarta
860 1681 922 1743 {u—

144 1765 222 1797 terpe
236 1780 245 1796 ,
272 1756 443 1788 fistularum.
486 1755 601 1793 Quinta
619 1753 812 1791 Terpsichore
827 1777 835 1789 7
863 1754 922 1792 Cy-

144 1800 246 1830 tharae:
267 1797 355 1828 Sexta
367 1796 474 1834 Erato,
495 1794 581 1834 Lyrae
595 1805 602 1825 ε
624 1793 756 1832 Septima
768 1793 922 1833 Calliope,

144 1840 281 1870 versuum
295 1840 502 1870 heroicorum:
523 1836 642 1867 Octava
654 1834 775 1866 Urania
791 1858 800 1872 ,
821 1835 923 1866 Astro—

143 1883 245 1922 logiae:
266 1878 363 1910 Nona
376 1879 571 1918 Polyhymnia
583 1899 591 1915 ,
612 1876 805 1914 Eloquentiae.
848 1876 923 1915 Quae

144 1931 248 1953 omnes
255 1922 312 1952 hoc
319 1920 446 1951 Ausonii
455 1919 586 1950 carmine
594 1917 801 1956 comprehendi
811 1916 905 1947 solent
915 1928 922 1948 :

223 1962 250 1993 C
258 1962 312 1993 LI
320 1962 344 1994 O
368 1962 442 2004 gesta
468 1971 568 1991 canens
587 1983 596 1999 ‚
629 1957 773 1997 tran-sabb&
799 1966 924 2000 tempora

263 2004 365 2034 reddit.

223 2044 298 2076 ME
307 2045 334 2075 L
342 2044 371 2074 P
379 2043 403 2076 O
411 2042 486 2074 ME
495 2041 567 2074 NE
580 2044 684 2084 tragico
687 2040 846 2082 proclamat
853 2050 922 2071 moe·

282 2098 299 2115 a
313 2086 405 2115 boatu.

222 2127 250 2157 C
251 2087 339 2156 blrlnica
348 2126 451 2165 lascivo
462 2125 568 2167 gaudet
572 2124 700 2163 sermone
722 2118 792 2153 ΤΗ
794 2122 822 2153 Α
829 2123 856 2153 L
867 2121 919 2153 IA⁴

223 2167 396 2210 Dulciloquis
409 2167 528 2197 calamos
549 2165 576 2196 E
586 2161 682 2195 UTE
690 2165 715 2195 R
725 2163 754 2194 P
762 2163 792 2194 E
806 2165 922 2203 flatibus

263 2220 298 2238 ur
315 2215 351 2237 et.

224 2244 285 2279 TE
292 2250 320 2279 R
329 2248 357 2278 P
365 2247 437 2278 SIC
446 2249 482 2279 H
485 2248 508 2281 O
518 2249 545 2280 R
554 2247 583 2278 Ε
603 2245 712 2287 affellus
732 2247 849 2278 citharis
864 2258 920 2276 mo-

262 2296 329 2326 vet,
350 2292 484 2330 imperat,
506 2296 596 2330 auget.

224 2329 342 2360 Pleara
353 2340 450 2370 gerens
472 2325 637 2361 ERATO
651 2327 742 2367 saltat
752 2329 838 2370 pede,
860 2340 922 2359 car-

264 2374 355 2407 mine,
376 2370 473 2400 vultu.

224 2411 367 2442 Carmina
395 2411 420 2441 C
429 2411 458 2442 A
464 2411 491 2441 L
499 2411 526 2442 L
534 2410 577 2443 IO
586 2409 615 2440 P
624 2409 654 2440 E
683 2410 763 2441 libris
796 2412 919 2443 Heroica

265 2453 392 2483 mandat.

224 2494 324 2526 URA
330 2494 369 2526 N
373 2493 391 2525 l
393 2492 423 2525 E
444 2492 507 2525 coeli
520 2500 603 2524 motus
610 2492 756 2533 scrutatur
770 2492 808 2529 ἐρ)
818 2492 898 2533 astra.

1583 673 1755 735 Fasti-

1045 800 1144 842 Signat
1172 799 1272 829 cnm‘la
1300 811 1388 829 manu
1402 822 1411 837 ,
1446 799 1570 843 loquitur
1611 797 1640 828 P
1650 797 1672 831 O
1681 799 1751 829 LY-

1085 839 1290 871 lIYMNlA
1304 842 1388 882 gestu.

1006 891 1055 912 20.
1077 881 1294 920 QUAMvis]
1324 882 1366 911 lta
1381 880 1419 910 est
1440 879 1523 918 hujus
1544 880 1641 910 versus
1661 880 1748 910 lcfiio

965 922 1167 952 constituenda
1184 945 1192 960 ,
1229 921 1257 951 <St
1278 922 1314 952 fic
1335 929 1465 952 metrum
1488 921 1724 951 conservandum
1741 931 1750 952 2

966 963 1045 1001 quod
1054 963 1126 993 vidit
1135 964 1246 1002 primus
1255 962 1464 993 Nobiliffimus
1471 963 1616 993 Heiniius.
1630 962 1750 993 Omnes

965 1005 1108 1035 editiones
1123 1004 1294 1043 praer'erunt‚

1047 1046 1192 1087 Quamvis
1206 1049 1238 1075 in
1252 1046 1310 1086 ipfrz
1323 1045 1465 1083 natusstm
1475 1052 1546 1086 pene
1553 1044 1657 1083 schola.

964 1085 1015 1117 Ad
1038 1096 1102 1126 quae
1115 1094 1211 1116 tacent
1232 1088 1397 1124 interpretes
1411 1109 1420 1123 ,
1442 1086 1531 1116 securi
1553 1085 1662 1116 scilicet
1675 1086 1750 1125 posi-

964 1129 1053 1157 tionis
1069 1127 1280 1166 qualiscunque
1294 1151 1303 1165 ,
1325 1137 1384 1166 qua
1403 1128 1509 1157 ultima
1529 1128 1558 1156 in
1572 1135 1661 1168 pene,
1683 1137 1747 1166 quse

966 1169 1059 1198 brevis
1079 1169 1118 1198 est
1131 1192 1139 1206 ,
1168 1169 1354 1206 produsatur.
1398 1167 1575 1206 Cujusmodi
1597 1171 1747 1206 exempla,

965 1209 1060 1239 fateor
1073 1233 1081 1247 ‚
1110 1209 1138 1239 ὃ(
1152 1210 1220 1239 alibi
1236 1211 1265 1239 in
1287 1211 1330 1239 his
1351 1210 1454 1239 libellis
1475 1217 1644 1238 occurrunt.
1689 1208 1747 1239 Sed

965 1250 1121 1281 consulant
1136 1259 1217 1280 aures
1231 1250 1296 1280 suas
1311 1273 1319 1289 ‚
1341 1251 1390 1288 qui
1405 1249 1511 1279 Musas
1532 1249 1610 1279 nacti
1624 1249 1689 1279 sunt
1704 1250 1747 1280 fa-

964 1300 1073 1321 ventes.

1004 1331 1038 1361 N
1048 1341 1070 1362 A
1080 1341 1099 1362 T
1109 1341 1131 1362 U
1140 1333 1172 1367 s]
1196 1330 1246 1360 De
1260 1329 1471 1370 Epaminonda
1484 1331 1521 1361 fic
1535 1331 1607 1361 dixit
1620 1330 1747 1369 justinus

955 1373 1039 1414 fmffi
1052 1374 1193 1403 hominem
1209 1376 1284 1402 inter
1298 1374 1390 1402 literas
1409 1380 1521 1402 natum.
1537 1383 1540 1384 ⁷

1005 1424 1056 1444 21.
1076 1415 1287 1450 HAssfiNm]
1311 1412 1410 1451 Suppl.
1427 1422 1490 1444 rem
1504 1436 1512 1450 ,
1534 1415 1681 1451 pecunias.
1704 1412 1746 1443 A-

962 1465 1023 1485 mor
1036 1456 1155 1486 habendi
1171 1455 1246 1493 apud
1262 1454 1426 1492 Ovidium,
1447 1464 1500 1493 pro
1515 1456 1643 1484 avaritia.

1045 1497 1178 1537 Tem-pore
1193 1503 1287 1526 crevit
1301 1506 1380 1525 amor
1394 1518 1403 1533 ‚
1424 1507 1472 1538 qut
1489 1508 1562 1526 nunc
1577 1497 1611 1536 est
1618 1496 1746 1535 summus

1084 1537 1215 1567 habendi.

963 1577 1002 1608 Et
1017 1578 1122 1609 Horat.
1140 1588 1163 1608 1.
1180 1577 1231 1616 Ep.
1248 1584 1277 1614 7.

1164 1619 1266 1649 Amore
1274 1617 1392 1657 ftm'ssit
1405 1617 1535 1649 habendi.

1005 1670 1054 1691 22.
1077 1659 1106 1691 L
1115 1669 1137 1691 Α
1146 1670 1167 1691 u
1177 1668 1199 1690 D
1208 1669 1225 1690 Ε
1254 1667 1278 1688 Μ
1288 1668 1310 1689 υ
1319 1668 1338 1688 L
1348 1668 1366 1688 r
1375 1667 1418 1694 A]
1456 1659 1526 1689 Hoc
1547 1659 1617 1689 dicit
1640 1660 1745 1697 poeta:

964 1701 1112 1741 Quamvis
1126 1711 1182 1743 ego
1196 1703 1225 1731 in
1241 1701 1298 1730 hoc
1313 1700 1475 1730 studiorum
1489 1708 1594 1740 genere
1614 1703 1744 1731 mult-,nn

962 1744 1083 1773 laudem
1099 1743 1150 1774 lim
1164 1742 1321 1779 affecutus,
1343 1751 1415 1782 aegrc
1428 1749 1527 1771 tamen
1543 1764 1551 1778 ‚
1573 1740 1601 1770 ἃ
1616 1751 1677 1771 non
1693 1742 1744 1772 niii

963 1785 1096 1822 quodam
1111 1794 1183 1814 cum
1196 1782 1456 1820 rait1d10,rec1pior
1471 1784 1501 1812 in
1516 1782 1676 1813 Musarum
1685 1792 1745 1813 cce-

964 1833 1037 1855 tum.
1083 1826 1158 1855 Laus
1177 1825 1269 1853 multa
1290 1824 1336 1853 hic
1351 1831 1451 1853 autem
1466 1823 1520 1860 est,
1543 1833 1603 1853 non
1621 1825 1744 1862 quidem

965 1875 1091 1906 magna,
1113 1865 1160 1895 sed
1177 1867 1290 1901 multa,
1316 1865 1372 1894 sive
1386 1866 1552 1894 multorum
1567 1866 1743 1896 hominum:

966 1907 1046 1946 quod
1067 1906 1225 1940 modestius
1246 1905 1284 1935 est
1299 1928 1306 1942 ‚
1334 1915 1425 1943 quam
1447 1906 1465 1935 li
1485 1904 1609 1943 dixisset‚
1632 1915 1744 1946 magna

966 1949 1060 1978 laude.
1104 1946 1240 1977 Multam
1254 1949 1336 1977 enim
1359 1947 1476 1976 laudem
1491 1956 1508 1976 a
1523 1949 1623 1976 multis
1639 1947 1743 1976 mereri

964 1992 1079 2020 facilius
1094 1988 1148 2026 est,
1170 1998 1261 2028 quam
1276 1997 1292 2018 a
1308 1997 1422 2029 magnis
1437 1997 1591 2028 magnam.
1613 1986 1662 2017 Sic
1677 1988 1746 2018 Ho-

962 2040 1012 2062 rat.
1030 2031 1066 2061 de
1081 2031 1153 2061 Arte
1169 2031 1302 2060 Poetica:

1042 2071 1167 2111 Srzcceffit
1182 2079 1260 2102 vetus
1273 2071 1316 2100 ht:-
1332 2069 1358 2100 C
1360 2070 1479 2100 omoedin
1492 2069 1613 2107 nonstne
1628 2069 1720 2099 multa

1043 2114 1070 2143 L
1080 2115 1151 2143 rude,

963 2153 1069 2185 Passim
1083 2163 1182 2184 autem
1195 2151 1329 2184 Phaedrus
1344 2152 1392 2182 fibi
1408 2151 1527 2182 laudem
1541 2151 1648 2181 tribuit.
1691 2149 1742 2182 Sic

962 2195 1091 2236 Epilogo
1107 2196 1169 2225 libri
1185 2194 1385 2233 praecedentis:

1042 2239 1074 2267 Si
1088 2237 1164 2266 livor
1178 2236 1329 2264 obtredlure
1342 2245 1440 2264 curam
1456 2233 1597 2271 voluerit,

1042 2278 1110 2308 Nm
1123 2285 1220 2307 tamen
1233 2279 1334 2317 eripiet
1350 2275 1443 2304 laudis
1456 2277 1661 2314 conscientiam.

960 2318 999 2349 Et
1014 2320 1046 2349 in
1058 2319 1116 2349 fine
1131 2317 1214 2355 hujus
1228 2317 1401 2356 praethtionis
1413 2325 1418 2346 :

1043 2360 1184 2403 Quoniam
1199 2359 1271 2388 mihi
1277 2359 1398 2396 fhi'emzis
1412 2357 1527 2388 aii-betur
1536 2357 1641 2398 gloria.

961 2402 1069 2432 Iterum
1086 2403 1114 2430 in
1130 2400 1297 2439 praefatione
1311 2400 1375 2429 libri
1391 2408 1418 2436 5.

1041 2441 1123 2472 Mihi
1131 2448 1217 2482 parta
1233 2441 1292 2470 lam
1306 2441 1349 2479 est.

1002 2483 1143 2515 VlTAM
1152 2495 1164 2519 J
1187 2481 1236 2513 Sc.
1255 2480 1481 2515 Scholasticam.
1524 2478 1740 2511 constituimus

1671 2528 1751 2557 rame
