2007 2771
237 97 580 157 LIBRI
650 98 778 162 IV.
855 99 1347 161 FABULA
1415 100 1548 166 IV.v
1643 129 1716 173 97

111 197 315 277 Agros
338 239 355 262 ,
403 196 601 259 villas,
649 196 716 258 &
746 217 954 278 pecora
983 220 1121 258 cum
1150 197 1471 281 pastoribus

109 298 346 357 Donate
376 294 647 355 moeehae.
696 294 873 356 Nulla
898 299 1116 379 poterit
1141 301 1364 381 perpeti
1390 340 1406 363 ‚

110 396 199 454 Ut
226 394 486 455 moribus
517 391 661 476 quid
701 409 900 454 teneat
927 395 1180 455 alienum
1207 392 1334 457 suis,

110 491 414 554 Deformis
446 491 668 552 cultum
696 490 949 557 vendet,
1002 507 1064 552 ut
1090 495 1300 554 Vinum
1330 510 1523 576 parets

110 594 313 674 Agros
346 592 575 668 abjiciet
596 590 836 653 moecha
855 641 872 666 ,
920 610 983 653 ut
1011 606 1502 678 ornatum'paret:

108 689 200 748 At
228 689 321 750 illa
347 687 611 771 gaudens
639 709 889 773 pecore,
931 691 1000 752 &
1029 689 1166 751 lanae
1195 690 1433 756 dedita,

116 784 509 871 Qacumque
536 783 763 847 summa
794 786 984 849 tradet
1013 787 1246 849 luxuriae
1272 788 1538 849 domum.

115 885 206 944 Sic
235 884 390 944 nulla
419 881 737 967 poffidebit
762 884 931 967 quod
958 883 1135 945 fuerit
1161 885 1366 948 datum
1383 933 1401 959 ,

110 982 189 1041 Et
213 980 436 1042 dietam
461 984 632 1042 matri
660 977 970 1041 conferent
997 985 1309 1065 pecuniam
1330 1032 1347 1056 ‚

109 1083 206 1141 Ex
236 1083 424 1160 pretio
449 1099 639 1142 rerum
658 1124 672 1145 ‚
715 1103 855 1165 quas
883 1081 1262 1143 vendiderint
1288 1083 1536 1166 singulae.

190 1181 279 1239 Ita
305 1176 468 1261 qnod
494 1177 819 1238 multorum
849 1174 1008 1260 fugit
1037 1181 1491 1264 imprudentiam
1507 1229 1523 1251 ‚

110 1278 307 1339 Unius
334 1274 598 1337 hominis
626 1279 873 1360 repperit
897 1274 1137 1338 solertia.

1503 1383 1551 1442 F
1566 1383 1628 1446 A
1647 1389 1714 1449 B,

111 1498 234 1544 quando
246 1499 306 1529 vita
320 1497 501 1530 ebriosorum
516 1498 604 1530 morti
616 1498 737 1532 similior
750 1499 789 1530 est
797 1509 890 1540 quam
931 1500 1021 1539 ditas,
1043 1500 1071 1530 ἀ
1085 1510 1138 1540 pro
1154 1503 1247 1534 nihilo
1263 1505 1389 1536 traditas.
1413 1505 1462 1537 Sic
1476 1505 1588 1540 Seneca
1596 1511 1719 1553 abjicere

112 1547 186 1570 vltae.
930 1542 1093 1581 beneficium
1115 1553 1168 1581 pro
1189 1554 1261 1574 cum
1283 1554 1435 1577 contemtu
1456 1547 1484 1576 &
1504 1548 1619 1580 fastidio
1647 1552 1717 1583 dare

155 1590 201 1622 39.
222 1580 419 1621 PERPEU]
442 1580 545 1618 Ferre,
566 1580 713 1621 sustinere,
736 1583 804 1621 pati.
818 1581 890 1613 Ter.
931 1584 950 1611 1.
968 1592 992 1612 1.
1007 1583 1044 1612 de
1060 1584 1124 1613 ben.
1140 1594 1165 1614 c,
1182 1595 1207 1614 1.
1222 1584 1293 1615 Nec
1307 1589 1388 1617 aliter
1403 1588 1570 1619 Terentius.

113 1621 221 1654 Heaut.
235 1632 263 1662 4.
279 1632 308 1659 4.
972 1621 1111 1668 RARET
1128 1626 1139 1660 ]
1183 1624 1346 1665 Comparet
1367 1629 1415 1659 fibi
1437 1632 1561 1667 pecunia
1582 1654 1590 1669 ,
1625 1641 1715 1664 emar,

449 1662 519 1694 Non
527 1662 632 1704 pffcm
642 1665 722 1704 pati,
933 1662 983 1694 Sic
1005 1663 1028 1693 Γ
1030 1673 1068 1693 er.
1088 1664 1197 1696 Heaut.
1220 1677 1249 1708 4.
1263 1678 1291 1708 4
1323 1668 1436 1700 Aurum
1449 1677 1533 1712 atque
1547 1673 1651 1713 vestem
1665 1678 1716 1717 qui

193 1704 273 1774 Qtffiz
286 1704 341 1733 tibi
356 1710 440 1744 caput
452 1703 635 1733 demulceam.
933 1713 1079 1746 comparet.

155 1754 204 1785 40.
275 1744 445 1778 omnus]
468 1742 545 1773 Non
560 1745 619 1785 regi
635 1746 713 1775 hunc
728 1746 891 1776 ablativum
974 1756 1022 1786 44.
1044 1746 1313 1787 QUAcuNQuE
1347 1758 1521 1793 SUMMA]
1564 1753 1715 1789 Viliffirno

114 1786 150 1817 ab
163 1785 280 1825 alienus,
289 1784 335 1816 std
351 1794 368 1815 a
381 1783 581 1815 subintelleeta
593 1786 792 1825 praepofitione
806 1798 824 1816 a
838 1786 892 1817 do·
933 1787 1022 1817 etiam
1035 1789 1138 1825 pretio.

114 1834 161 1857 cet
174 1826 291 1857 Voffius
305 1826 341 1856 de
354 1825 575 1856 Construefion.
588 1836 649 1866 cap.
668 1837 713 1867 14.
974 1828 1023 1868 46.
1045 1827 1120 1859 D1c
1130 1838 1149 1859 T
1160 1839 1216 1860 AM
1232 1832 1244 1867 ]
1273 1831 1471 1872 Praescriptam
1485 1859 1494 1873 ⁷
1517 1837 1714 1872 constitutam.

155 1867 349 1905 TENEAT]
371 1866 509 1897 Retineat
522 1868 594 1907 quid
609 1891 617 1906 ‚
647 1868 726 1907 quod
743 1877 804 1898 non
819 1877 892 1898 con-
934 1868 984 1899 Sic
998 1870 1089 1899 dotem
1104 1870 1196 1900 dicere
1211 1873 1287 1911 apud
1302 1872 1424 1904 Terent.
1439 1876 1547 1906 Heaut.
1564 1888 1591 1916 5.
1609 1889 1635 1910 1.

113 1910 212 1939 veniat
226 1918 297 1939 cum
311 1909 443 1938 moribus
456 1908 522 1938 suis.
975 1909 1023 1951 48.
1046 1910 1199 1947 FUG1T]
1230 1913 1345 1954 Fugiss‘e
1366 1925 1420 1945 nos
1441 1917 1546 1949 dicitur
1562 1920 1590 1951 id
1605 1944 1613 1960 ‚
1635 1922 1717 1961 quod

154 1960 203 1990 42.
224 1949 441 1989 ABJICIET]
464 1949 527 1980 Vili
543 1951 635 1989 pretio
649 1950 765 1980 vendet.
800 1948 892 1989 Quod
937 1953 1125 1992 ignoramuS,
1147 1959 1196 1984 aut
1211 1955 1292 1992 cujus
1309 1957 1390 1986 obliti
1406 1957 1514 1989 sumus.

114 1990 233 2032 Belgice
247 1991 439 2030 exprimimus
448 1995 461 2029 ¹,
497 1991 564 2022 Voor
577 2003 626 2022 een
640 1991 700 2022 leur
714 2003 748 2022 en
763 2002 811 2022 een
824 2002 895 2023 zeur
978 2002 1028 2033 49.
1048 1993 1069 2023 S
1079 2002 1099 2023 o
1109 2003 1183 2025 [ΕΚ
1193 2005 1263 2027 T1A
1278 1999 1291 2034 ]
1321 1996 1413 2028 Unus
1429 2000 1523 2030 homo
1539 2001 1626 2033 solers
1641 2013 1719 2044 repe-

600 2043 615 2074 3
640 2077 681 2106 cio

115 2032 275 2074 verkoopen.
297 2031 391 2062 Plaut.
406 2030 540 2063 Mostell.
549 2043 572 2105 [3
620 2057 626 2063 .
937 2035 972 2065 rit
988 2035 1032 2072 id,
1055 2035 1136 2074 quod
1151 2036 1237 2067 multi
1250 2046 1299 2068 aut
1314 2062 1322 2076 ‚
1358 2047 1389 2070 ut
1404 2042 1488 2071 initio
1510 2042 1597 2083 dixit,
1618 2048 1720 2086 turba,

271 2072 443 2116 Numquam
460 2075 546 2119 ajdepo
572 2075 648 2114 mes

936 2077 1073 2115 reperire,
1097 2077 1125 2107 id
1139 2077 1192 2115 est,
1214 2088 1357 2118 exponere
1371 2091 1433 2112 non
1448 2090 1613 2120 potuerunt.
1636 2085 1720 2119 Con-

195 2113 260 2144 Via,
307 2115 422 2157 usquam
522 2127 547 2146 as
561 2116 645 2155 aedes,
659 2116 713 2154 nisi
724 2116 801 2146 modo
808 2115 894 2155 hasce.
937 2118 1035 2149 firmat
1050 2119 1131 2148 enirn
1145 2119 1187 2148 his
1202 2122 1294 2151 verbis
1310 2122 1337 2151 id
1347 2145 1354 2159 ‚
1377 2123 1458 2163 quod
1473 2132 1540 2155 ante
1553 2126 1678 2167 dixerat,

113 2152 210 2196 Quod
223 2113 299 2188 regit
312 2115 629 2199 exponitalbigfxlibinus,
651 2159 703 2190 vili
717 2159 810 2198 pretio
825 2166 895 2189 ven·
1017 2158 1086 2190 Plus
1099 2158 1147 2201 effi
1167 2163 1199 2191 in
1213 2173 1266 2194 uno
1283 2163 1356 2204 saepe
1369 2186 1378 2203 ,
1400 2176 1486 2208 quam
1501 2169 1533 2197 in
1545 2169 1716 2208 turbafflonis

590 2232 612 2245 TN,
742 2240 744 2245 ,
794 2231 796 2233 ’
944 2234 983 2247 ,;’
995 2233 1002 2237 -’
1014 2236 1019 2238 —
1037 2239 1040 2240 γ
1252 2233 1280 2246 ,fx
1352 2245 1367 2248 Η
1417 2242 1425 2247 N

1726 431 1774 467 40

1724 917 1775 959 45
