2007 2771
626 77 1405 146 INDEX

210 187 388 229 Novitas
399 217 410 237 ‚
429 197 500 242 pro
518 197 614 226 novo
632 185 798 223 invento.
918 192 989 231 141
1038 178 1188 219 Parare
1194 189 1266 234 pro
1284 194 1409 220 emere.
1761 194 1814 232 97

212 243 371 285 Nudare
401 256 473 298 pro
501 237 796 294 conspiciendum
823 235 994 290 praebere.
1038 234 1204 283 Partes,
1232 235 1278 275 de
1297 233 1537 290 litigantibus
1555 235 1652 277 inter
1659 236 1716 290 se.
1763 249 1814 289 77

945 303 992 343 57
1230 291 1275 330 de
1280 292 1457 345 scenicis.
1742 304 1757 330 1
1768 304 1785 330 2
1792 305 1818 340 9

1037 342 1189 384 Partes
1207 355 1359 387 naturae.
1745 359 1821 396 109

556 404 605 443 O.
1037 397 1311 441 Particulones.
1745 415 1759 440 1
1770 414 1789 454 3
1800 414 1819 439 2

1038 452 1195 495 Partiri
1214 458 1426 496 caritatem.
1771 461 1824 504 69

345 517 516 557 Bnoxiits
544 524 616 568 pro
645 510 827 565 potestati
867 508 997 550 alienae
1038 507 1253 549 Parturire.
1746 523 1761 549 1
1772 523 1789 550 2
1799 523 1819 549 2

388 570 592 625 subjectus.
948 569 998 616 56
1040 562 1166 603 Pater
1184 564 1353 613 deorum,
1382 564 1427 604 de
1445 564 1560 617 Jove.
1800 577 1823 615 5

215 629 363 680 Occafio
381 640 446 666 cur
464 624 573 664 nuda.
923 632 998 670 149
1043 617 1143 659 Pati
1162 621 1282 658 nives.
1772 624 1824 671 67

217 682 438 725 Occumbere
455 681 544 719 neci.
953 688 1000 726 91
1045 672 1146 713 Pati
1158 686 1228 727 pro
1248 683 1460 715 contentum
1477 674 1556 728 effe.
1801 677 1823 714 8

218 741 419 780 Occurrere
438 765 449 784 ,
479 744 548 788 pro
576 731 630 773 ad
654 744 761 771 aures
789 729 857 770 vel
872 742 1004 770 manus
1045 728 1199 769 Patiens
1227 730 1375 782 injuriae
1394 726 1441 772 ἔν’
1458 729 1608 784 patiens
1626 728 1828 781 injuriam,

273 795 412 834 venire.
954 797 999 836 52
1101 784 1276 838 quomodo
1292 785 1576 839 distinguantur.
1801 798 1826 833 9

220 850 325 890 Odor
336 859 404 902 pro
423 842 650 885 aromatibus
669 841 845 882 odoratis.
925 854 941 879 1
954 853 999 893 13
1047 837 1186 887 Pavo,
1214 842 1306 880 avis
1323 840 1606 893 Junonisacra.
1779 841 1830 888 85

220 904 394 957 Officium
403 911 474 955 pro
493 899 701 951 ministerio.
953 907 1006 946 54
1048 893 1222 948 Pauper,
1252 895 1298 935 de
1306 894 1476 950 subjeft'o
1494 894 1593 935 aliis.
1779 906 1828 932 20

396 967 468 1010 pro
486 967 631 994 munere
639 951 798 1005 publico,
954 962 999 1002 53
1049 948 1233 990 Pettines
1242 949 1419 1003 plumbei.
1777 960 1829 999 40

220 1010 426 1064 Offundere
446 1020 639 1057 terrorem,
667 1007 714 1047 de
741 1005 875 1061 quibus
902 1004 1006 1045 dica·
1047 1003 1153 1044 Pede
1166 1005 1362 1060 suspenso,
1379 1015 1449 1059 pro
1466 1004 1539 1044 lem·
1558 1000 1605 1048 ὠ
1624 1005 1754 1044 tacito.
1772 1015 1823 1056 43

277 1077 349 1108 tur.
951 1072 1000 1111 42
1049 1059 1196 1113 Pegma
1215 1060 1316 1115 quid.
1757 1061 1834 1110 146

223 1121 348 1171 Olim,
376 1122 422 1162 de
431 1122 625 1176 praeterito
642 1117 694 1163 (θ’
705 1118 850 1169 futuro.
930 1128 1007 1165 105
1051 1114 1190 1155 Pelias
1208 1130 1232 1154 a
1251 1114 1390 1155 Medea
1409 1116 1555 1169 occisus.
1756 1127 1832 1153 100

224 1176 359 1217 Oliva.
957 1172 1009 1221 85
1053 1169 1189 1210 Pelion
1206 1184 1309 1212 mons
1329 1169 1532 1223 Theffaliae.
1756 1182 1832 1208 100

226 1231 366 1273 Omina
384 1231 495 1271 laeva.
959 1227 1011 1266 86
1053 1223 1239 1278 Pelastum
1251 1256 1262 1275 ,
1292 1224 1384 1266 Nili
1403 1226 1540 1278 ostium.
1779 1235 1833 1274 45

227 1286 392 1327 Onerare
408 1283 591 1325 laudibus.
932 1292 1007 1331 142
1054 1279 1224 1321 Pendere
1250 1283 1290 1322 in
1318 1279 1502 1321 novacula
1521 1308 1534 1328 ,
1561 1279 1606 1320 de
1629 1277 1836 1330 Occastone.

227 1341 336 1381 Onus
354 1349 499 1382 naturae
511 1368 522 1387 ‚
551 1338 596 1378 de
603 1336 718 1391 fietu.
871 1347 936 1388 23,
959 1338 1011 1376 8ο
1760 1345 1836 1384 149

228 1396 352 1449 Opera
362 1406 435 1449 pro
453 1394 584 1433 labore.
965 1395 1014 1430 16
1056 1391 1161 1431 Pera
1180 1393 1280 1445 quid.
1574 1398 1586 1400 ”
1760 1400 1838 1439 104

229 1450 354 1503 Opera
362 1451 504 1501 periit,
526 1456 597 1498 pro
615 1443 764 1485 inutilis
772 1442 872 1496 fixit.
960 1449 1015 1494 46
1057 1445 1266 1498 Peregrina
1284 1445 1472 1491 volucris,
1500 1444 1546 1483 de
1568 1443 1732 1482 Ciconia.
1784 1456 1836 1496 30

231 1504 330 1557 Opes
347 1503 525 1543 doHrinae
544 1501 676 1538 noxiae.
964 1502 1015 1547 56
1058 1499 1213 1545 Periit,
1242 1498 1469 1552 diſjllabum.
1785 1501 1841 1548 46

228 1558 412 1612 Oppetere
420 1565 563 1609 poenas.
967 1564 982 1590 1
994 1566 1012 1591 2
1059 1553 1195 1593 Perire
1215 1566 1319 1600 nece,
1348 1552 1393 1592 de
1410 1565 1480 1607 quo
1497 1550 1659 1591 dicatur.
1813 1563 1841 1603 4

233 1613 454 1667 Oppugnare
471 1607 663 1649 cuniculis.
938 1619 955 1645 1
968 1619 983 1644 1
995 1620 1015 1657 5
1059 1607 1301 1663 Persalutare
1317 1606 1418 1662 quid.
1765 1619 1841 1659 107

232 1667 398 1723 Opsonia
416 1664 516 1721 quid.
942 1675 957 1701 1
971 1665 1016 1703 18
1062 1663 1246 1718 Persequi
1264 1691 1276 1711 ‚
1305 1665 1346 1702 in
1358 1660 1631 1716 fignificatz'one
1650 1658 1842 1714 sollicitu-

237 1723 342 1776 Opus
353 1732 423 1775 pro
442 1719 556 1759 melle.
966 1720 1016 1767 78
1117 1719 1230 1757 dinis.
1790 1729 1838 1770 32

234 1777 377 1824 Orare,
405 1776 450 1815 de
467 1774 611 1828 legatis.
944 1784 959 1810 1
973 1785 987 1810 1
999 1786 1017 1811 2
1064 1772 1232 1825 Persona
1250 1771 1352 1826 quid.
1793 1785 1811 1810 1*
1822 1785 1838 1810 1

235 1832 341 1871 Ordo
361 1833 423 1870 rei.
946 1839 1019 1879 127
1065 1827 1204 1868 Petere
1224 1827 1367 1874 urbem,
1385 1835 1457 1879 pro
1464 1824 1657 1880 proficisci.
1788 1837 1845 1877 44

236 1887 408 1940 Orpheus
429 1886 512 1939 quis
944 1889 946 1891 '
973 1885 1020 1932 58
1066 1882 1277 1930 Petulans,
1305 1882 1351 1922 de
1367 1895 1436 1936 quo
1453 1881 1613 1920 dicatur.
1789 1884 1844 1931 64

238 1939 392 1995 Oscula.
946 1949 961 1974 1
973 1949 1019 1989 23
1062 1938 1258 1986 Phaedrus
1277 1937 1440 1989 Augusti
1457 1935 1620 1975 libertus.
1655 1949 1688 1974 1.
1745 1933 1847 1988 Ejus

242 1994 381 2044 oth-&¹
400 1988 499 2041 ἐστὶ,
529 1992 662 2032 Graeca
670 1989 851 2044 formula⁴
946 1996 1024 2044 136
1121 2006 1210 2032 rara
1243 1992 1342 2046 apud
1363 2001 1511 2031 veteres
1544 1991 1692 2028 mentio.
1750 1987 1844 2029 ibid.

1120 2047 1269 2103 quando
1305 2048 1463 2086 vixerit.
1514 2043 1605 2083 ibid.
1664 2044 1764 2098 Usus
1798 2043 1847 2097 est

588 2101 630 2143 P.
1120 2103 1282 2156 quadam
1290 2100 1466 2141 libertate
1484 2100 1524 2138 in
1534 2097 1695 2149 verstbus
1702 2099 1799 2152 suis.
1810 2112 1846 2138 2.

1123 2156 1226 2211 Ejus
1242 2155 1410 2210 pluscula
1436 2153 1717 2194 interciderunt.
1757 2152 1849 2193 ibid.

245 2213 438 2291 ΠΑίγνια
455 2212 549 2267 quid
976 2211 1027 2259 89
1113 2210 1245 2265 paffim
1260 2210 1335 2262 fibi
1361 2209 1506 2250 laudem
1525 2207 1667 2248 tribuit.
1701 2220 1761 2258 55.
1808 2209 1850 2248 in
2004 2227 2005 2230 ¹

345 2268 485 2308 ‘Pallas
503 2280 583 2321 quae
977 2267 1023 2317 83
1126 2266 1267 2306 odium·
1295 2266 1421 2321 Sejani
1466 2262 1613 2303 incidit.
1657 2275 1717 2314 57.
1761 2259 1850 2314 fuit
1994 2215 1998 2311 ῐ

494 2322 607 2362 olivae
622 2320 907 2376 plantationem?
924 2321 1032 2361 inve-
1125 2319 1260 2361 Thrax
1279 2333 1421 2373 genere.
1454 2321 1515 2369 58.
1551 2318 1762 2371 senectutis
1770 2317 1854 2371 suae

303 2378 373 2416 nit.
698 2387 702 2389 ·
978 2377 1030 2425 85
1126 2388 1386 2430 nonnunquam
1414 2375 1594 2413 meminit.
1625 2377 1687 2412 60.
1722 2371 1853 2425 spera·
1993 2374 2004 2410 44

248 2431 422 2471 ‘Pallium
433 2441 502 2484 pro
522 2442 619 2485 toga.
954 2441 1027 2481 142
1128 2432 1193 2469 vit
1212 2429 1547 2469 immortalitatem.
1576 2439 1641 2479 94.
1693 2428 1857 2466 minatur

250 2485 423 2527 Paludes
440 2486 562 2528 liberae
580 2486 678 2541 quid.
891 2527 894 2531 ,
1006 2496 1032 2536 5
1130 2485 1360 2539 adversariis
1366 2485 1461 2538 fitis.
1777 2494 1823 2518 10
1838 2493 1855 2518 Ι

1731 2534 1858 2586 Phry-
