2007 2771
634 65 1406 128 INDEX

271 177 353 203 uere
370 165 586 219 usurpentur
595 195 608 215 ,
917 179 932 205 1
944 179 965 217 5
974 181 988 207 1
1036 165 1177 207 Collum
1193 165 1375 207 detritum
1384 196 1396 215 ,
1425 166 1471 206 de
1486 179 1576 206 cane
1586 194 1598 214 ,
1765 171 1816 218 67

215 218 312 258 Cani
329 220 486 261 colorari
497 222 605 276 soliti
621 237 646 262 a
663 221 852 262 veteribus
862 249 875 270 ,
940 234 995 273 40
1042 221 1151 261 Color
1168 220 1273 261 albus
1290 221 1429 261 relatus
1445 225 1544 262 inter
1561 220 1723 276 regales,
1739 225 1814 273 148

213 273 333 313 Canis
348 288 433 314 acer
442 306 452 323 ‚
943 281 994 329 67
1040 276 1302 316 commercium
1310 287 1380 330 pro
1397 278 1463 331 usti
1473 306 1485 326 ,
1739 289 1817 326 105

218 327 340 369 Canis
356 343 378 369 e
397 330 496 371 Nilo
506 363 517 379 ,
537 330 777 383 proverbium
787 361 798 380 ,
946 345 964 372 2
972 346 996 381 9
1039 331 1242 385 Compilare
1257 331 1439 386 aliquem,
1739 344 1818 383 104

215 383 372 435 Capere,
376 396 446 439 pro
465 387 615 426 trahere
631 389 672 427 in
692 386 899 442 obsequium
910 414 921 433 ,
944 389 964 427 8
974 401 988 426 1
1037 387 1213 428 Concitus
1220 397 1292 441 pro
1308 388 1436 436 celeri,
1763 392 1811 426 61

385 450 457 492 pro
475 441 658 481 deleii‘are
667 471 679 489 ,
944 455 962 495 3
970 456 992 494 7
1219 453 1292 495 pro
1298 442 1540 494 perturbato,
1739 455 1754 480 1
1767 454 1816 492 54

217 494 356 546 Capita
372 505 443 548 pro
469 499 559 537 vita
576 506 645 537 aut
661 496 811 551 salute,
843 510 908 545 20,
929 509 995 550 34,
1037 498 1338 550 Concursarepro
1353 498 1427 537 huc
1444 497 1531 537 illuc
1549 496 1740 550 curfitare‚
1759 509 1815 548 44

943 557 990 591 62
1039 551 1204 591 Condere
1208 549 1361 604 famam
1371 583 1383 599 ,
1765 555 1814 602 58

215 602 399 645 Carbones
405 615 478 658 pro
494 606 668 660 thesauro
677 635 689 654 ‚
919 619 995 658 145
1207 606 1358 658 ferrum
1366 636 1379 655 ,
1739 620 1815 660 137

215 658 372 711 Carpere
388 661 508 714 oscula
518 690 529 709 ‚
942 667 994 712 69
1040 660 1203 701 Condere
1209 670 1282 714 pro
1297 660 1511 714 abscondere
1521 690 1536 708 „
1762 673 1814 715 43

216 713 372 766 Carpere
377 726 450 768 pro
467 717 686 771 discerpere,
713 716 759 756 de
775 715 867 757 cibus
877 744 889 764 ,
943 730 991 770 32
1040 716 1240 756 Condicere
1255 747 1266 764 ,
1740 731 1756 757 1
1768 730 1786 756 2
1796 728 1818 768 5

218 766 427 820 Caffandra
444 784 526 824 quae
540 801 551 819 ,
942 786 964 824 7
974 787 989 812 1
1039 771 1239 825 Congerere
1244 770 1369 824 fustes
1382 800 1396 818 ,
1765 776 1817 810 60

217 823 349 876 Castor
367 822 415 869 &
435 826 603 875 Pollux,
803 839 847 866 12
858 839 895 878 5,
919 839 933 866 1
944 841 994 879 27
1037 826 1371 880 Consequifamam
1382 857 1392 874 ,
1742 828 1816 867 108

214 877 407 920 Catbedra
422 883 517 934 quid
524 910 535 929 ‚
943 885 993 923 68
1037 879 1267 930 Confiderare
1276 883 1319 934 fe
1330 912 1342 929 ,
1765 884 1818 922 68

216 932 312 972 Cato
321 944 392 987 pro
411 939 547 991 moroso
557 966 568 984 ‚
917 951 931 976 1
941 953 964 977 0
973 951 988 977 1
1039 934 1232 986 Considere
1240 966 1251 985 ,
1279 936 1324 976 de
1331 934 1523 990 judicibus
1531 963 1547 983 ‚
1743 949 1758 975 1
1772 949 1785 975 1
1797 950 1819 990 3

217 987 362 1029 Cavere
379 990 424 1030 de
441 1005 510 1045 quo
527 992 699 1038 dicatur,
945 1006 990 1046 13
1039 991 1259 1043 Consociare
1279 993 1382 1046 ufitm
1393 1020 1408 1043 ὃ
1743 996 1822 1032 106

214 1042 392 1084 Caverna
409 1045 552 1087 arboris
563 1056 632 1099 pro
637 1045 831 1099 fhramine
849 1075 861 1095 ‚
941 1060 990 1099 41
1039 1046 1258 1100 Conspirare
1275 1047 1369 1101 quid
1377 1076 1387 1094 ,
1797 1060 1818 1097 5

215 1097 347 1148 Caufae
355 1111 428 1153 pro
445 1100 684 1148 criminibus,
968 1115 995 1154 4
1041 1101 1286 1154 Conspiratus
1295 1101 1463 1153 paſjive,
1798 1115 1822 1152 5

215 1153 352 1194 Cedere
368 1157 550 1204 invidiae,
942 1170 994 1209 70
1038 1156 1251 1210 Confitlere,
1278 1156 1324 1195 de
1334 1157 1582 1210 jurisperitis,
1766 1170 1821 1207 95

216 1207 378 1249 Celebris
396 1212 506 1264 quid,
948 1225 996 1251 10
1043 1211 1272 1253 contendere
1284 1222 1358 1266 pro
1382 1211 1591 1265 constanter
1615 1209 1824 1264 affirmare,

217 1263 382 1304 Centena
391 1266 564 1317 sestertia
581 1266 676 1320 quid
683 1295 695 1314 ‚
944 1279 998 1317 95
1656 1281 1675 1307 2
1686 1280 1722 1315 2,
1745 1281 1760 1306 1
1773 1280 1821 1316 19

217 1318 377 1359 Centum
403 1322 520 1370 oculi,
548 1320 594 1360 de
611 1321 997 1375 bomineperfpicace,
1283 1331 1357 1376 pro
1374 1330 1515 1362 certare
1526 1350 1538 1369 ,
1745 1335 1788 1361 12
1798 1333 1821 1375 3

950 1389 999 1426 50
1041 1375 1233 1415 Contineri
1239 1386 1312 1428 pro
1332 1378 1518 1417 contineri
1534 1379 1575 1416 in
1593 1374 1729 1427 officio,
1772 1389 1821 1429 37

215 1426 452 1467 Centumviri
469 1429 581 1482 quid,
945 1444 993 1483 73
1041 1429 1264 1468 Commotus
1281 1431 1393 1485 quid,
1644 1451 1647 1452 ⁷
1745 1443 1761 1468 1
1773 1442 1825 1481 24

217 1482 327 1521 Certe
339 1493 408 1534 pro
426 1484 479 1523 ad
492 1486 683 1523 minimum
694 1512 708 1531 ‚
836 1488 904 1535 46,
922 1496 1000 1534 144
1043 1483 1077 1521 C
1078 1486 1266 1521 ontrarius
1273 1494 1345 1535 pro
1358 1484 1577 1536 advetfirio
1586 1510 1599 1530 ,
1745 1497 1760 1522 1
1769 1498 1792 1523 0
1801 1497 1822 1535 5

217 1538 313 1576 Ceus
329 1537 451 1591 insula
461 1567 472 1585 ,
922 1551 936 1577 1
947 1551 998 1577 20
1040 1537 1250 1576 Contumax
1268 1537 1361 1591 quid
1368 1567 1380 1586 ,
1745 1550 1819 1578 102

216 1594 322 1632 Ciere
330 1595 499 1646 gemitus
510 1621 524 1640 ,
948 1606 994 1645 23
1040 1592 1261 1632 Convicium
1277 1592 1373 1632 unde
1390 1592 1542 1632 dicatur
1551 1621 1563 1640 ,
1772 1605 1789 1631 1
1801 1607 1817 1632 1

217 1648 325 1687 Ciuis
336 1676 348 1694 ‚
947 1661 998 1699 70
1042 1647 1249 1686 Conviefi‘us
1266 1648 1311 1686 de
1329 1646 1461 1702 quibus
1477 1647 1648 1694 dicatur,
1744 1660 1787 1686 12
1798 1659 1820 1700 3

218 1702 412 1749 Cinoedw,
440 1701 486 1740 de
505 1700 715 1740 Menandro
726 1730 737 1749 ‚
923 1716 937 1741 1
948 1715 967 1754 3
978 1716 1000 1752 5
1042 1701 1256 1742 Corcodilus
1274 1701 1421 1742 animal
1434 1701 1691 1757 Qstssyptium
1703 1730 1716 1748 ‚
1773 1716 1790 1741 2
1796 1716 1822 1751 9

218 1758 368 1796 Circum
386 1758 565 1811 caftiifiio
574 1756 829 1810 postposttum,
946 1760 998 1806 98
1042 1757 1188 1796 Cornua
1206 1759 1369 1810 ramosa,
1773 1769 1824 1808 17

219 1811 319 1851 Cirri
336 1808 449 1866 quid,
945 1825 999 1863 45
1044 1811 1254 1860 Cornutus,
1271 1822 1343 1865 pro
1362 1811 1477 1860 bove,
1796 1825 1817 1864 3

222 1866 371 1915 Citare‚
400 1880 481 1906 vox
498 1881 521 1905 a
533 1865 690 1917 judiciis
701 1868 828 1920 petita
839 1893 852 1913 ,
922 1880 936 1905 1
951 1881 965 1906 1
977 1880 996 1905 z
1042 1868 1181 1920 Corpus
1190 1877 1263 1920 pro
1281 1867 1495 1915 virilitate,
1769 1878 1822 1920 75

385 1932 459 1976 pro
477 1935 615 1962 vocare
632 1950 644 1968 ,
924 1935 937 1960 1
949 1936 966 1961 2
976 1935 1000 1974 7
1043 1920 1231 1975 Corripere
1240 1925 1387 1976 proprie
1403 1922 1652 1975 deserpente,
1795 1924 1821 1959 6

220 1975 378 2016 Civitas
389 1988 459 2030 pro
477 1976 628 2015 civibus
638 2004 650 2023 ,
977 1989 999 2025 5
1044 1975 1279 2030 Corrumpere
1295 1977 1389 2016 male
1406 1976 1513 2030 qnid,
1744 1989 1759 2016 1
1769 1989 1787 2015 2
1797 1979 1821 2013 6

220 2031 446 2071 Ciszomeue
463 2031 558 2085 quid
571 2060 582 2079 ,
922 2044 935 2069 1
949 2045 965 2070 2
980 2045 993 2070 1
1042 2031 1242 2084 Corruptus
1251 2042 1321 2085 pro
1340 2032 1433 2071 male
1452 2030 1606 2078 habito,
1771 2042 1819 2080 50

218 2086 375 2126 Clitellae
392 2087 503 2140 quid,
946 2100 964 2125 2
979 2100 995 2125 1
1040 2088 1181 2126 Cortex
1191 2096 1263 2138 pro
1281 2086 1373 2138 testa
1384 2115 1396 2133 ,
1766 2096 1818 2136 47

219 2140 346 2180 Cuius
356 2152 425 2193 pro
442 2154 574 2181 coecum
581 2139 776 2194 faciente,
943 2154 997 2191 49
1041 2139 1251 2181 Cothurnus
1269 2140 1383 2195 quid,
1765 2153 1825 2189 99

220 2194 366 2234 Coedere
384 2196 548 2242 arbores,
924 2208 937 2233 1
948 2202 998 2235 60
1044 2195 1259 2235 Credulitas
1269 2207 1339 2247 fro
1357 2192 1521 2241 credulo,
1678 2205 1746 2246 43,
1767 2207 1814 2246 73

218 2249 314 2288 Coelo
322 2260 390 2302 pro
410 2254 449 2290 iu
470 2251 596 2291 coes'um
608 2281 621 2298 ,
897 2284 899 2290 ,
921 2256 998 2290 106
1041 2247 1298 2303 Crepusculum
1317 2249 1412 2303 quid
1420 2278 1431 2296 ,
1523 2257 1528 2258 ⁷
1767 2254 1818 2299 67

220 2304 358 2356 Coepit
376 2305 521 2357 aliquid
540 2304 683 2352 facere,
701 2304 871 2358 formula
883 2305 998 2344 Phe-
1040 2307 1244 2344 (eriminari
1260 2303 1355 2358 aliq«
1363 2317 1419 2343 em
1432 2332 1443 2350 ,
1765 2308 1819 2352 69

272 2359 339 2398 dro
359 2360 586 2411 usitussgffl'ma
597 2390 607 2407 ,
922 2375 933 2398 1
948 2373 994 2409 59
1042 2360 1146 2400 Crux
1154 2410 1160 2414 ,
1162 2362 1242 2412 [φ
1255 2359 1335 2399 licii
1346 2372 1486 2413 genus,
1767 2362 1820 2408 64

219 2413 392 2465 Cogitare
400 2425 469 2468 pro
488 2418 698 2465 excogitare
709 2444 720 2462 ,
948 2428 994 2467 57
1039 2414 1166 2453 Cubile
1180 2426 1246 2466 pro
1263 2413 1393 2465 lstro,
1767 2425 1815 2462 4²

219 2469 391 2523 Colligere
398 2480 469 2523 pro
487 2470 690 2522 intelligere
701 2499 710 2515 ,
944 2483 995 2519 95
1036 2469 1148 2511 Cunei
1165 2469 1282 2522 quid,
1742 2469 1817 2514 148
