2007 2771
238 93 592 154 LIBRI
643 93 782 154 ΙΙΙ.
847 94 1343 158 FABULA
1405 100 1620 164 VIII.
1691 126 1768 177 69

156 184 274 249 Hic
300 189 356 251 se
385 189 718 255 formosum
745 195 951 270 jacstat,
990 193 1084 254 illa
1116 191 1404 268 irascitur,

153 291 286 353 Nec
314 292 617 373 gloriantis
649 291 879 355 sustinet
906 292 1092 355 fratris
1121 299 1286 370 jocos
1305 343 1323 368 ,

148 391 472 472 Accipiens
518 396 539 468 <
550 391 698 475 quid
727 396 888 454 enim
908 398 946 471 ?)
994 393 1203 453 cuneia
1231 395 1291 452 in
1320 397 1758 461 contumeliam.

145 488 413 571 Ergo'ad
444 506 668 574 patrem
700 497 949 555 cucurrit
968 537 984 560 ,
1030 491 1219 554 laesu'ra
1245 496 1543 563 invicem,

142 590 489 674 Magnaque
517 592 745 655 invidia
773 598 1111 655 criminatur
1142 593 1334 656 filium
1352 638 1369 662 ,
1771 626 1814 649 10

142 689 253 752 Vir
279 705 442 749 natus
473 690 642 774 quod
673 712 797 752 rem
822 689 1214 752 foeminarum
1247 696 1516 777 tetigerit.

137 785 472 869 Amplexus
500 804 807 873 utrumque
839 789 934 850 ille
954 839 971 863 ‚
1022 791 1091 852 &
1121 813 1356 874 carpens
1387 789 1616 861 oscula2

135 885 508 971 Dulcemque
535 890 596 948 in
630 887 836 948 ambos
869 888 1170 948 caritatem
1201 893 1489 971 partiens:

139 986 457 1074 Qud-ie,
496 991 721 1072 inquit,
766 986 1002 1071 speculo
1030 1006 1140 1049 vos
1172 991 1256 1047 uti
1281 988 1468 1055 voloff

132 1090 231 1149 Tu
259 1085 518 1150 formam
546 1109 621 1148 ne
652 1108 990 1169 corrumpas
1016 1090 1291 1169 nequitiae
1322 1089 1492 1150 malis
1516 1117 1538 1150 :s
1758 1131 1803 1169 „5

131 1189 235 1251 Tu
260 1186 480 1251 faciem
508 1204 574 1249 ut
603 1187 770 1250 istam
798 1186 1064 1250 moribus
1092 1189 1294 1250 vincas
1325 1188 1515 1252 boniS.

1521 1291 1735 1357 ΕΑΒ,

168 1420 194 1450 7.
218 1410 292 1443 Sus
302 1412 444 1448 TlNET]
467 1410 612 1442 Sustinere
625 1412 671 1440 vel
686 1410 758 1457 ferre
772 1410 872 1457 potest.
949 1408 1060 1439 dulcem
1080 1410 1315 1457 benevplentiam.
1360 1411 1479 1457 Dicitur
1502 1416 1548 1445 hic
1562 1417 1686 1457 tespecffl
1703 1424 1737 1453 li-

166 1452 194 1483 8.
217 1453 439 1484 Accrprms
454 1454 466 1488 ]
504 1452 622 1484 sinistre
643 1462 749 1483 omnia
770 1459 907 1491 interprc-
950 1450 1105 1491 berorum,
1128 1461 1177 1490 qui
1192 1454 1292 1483 dulces
1308 1454 1410 1491 paflim
1425 1464 1578 1489 vocantur.
1615 1460 1734 1495 Lucra,

124 1499 187 1525 tans
202 1494 239 1524 ad
254 1493 297 1524 sui
312 1501 507 1525 contemtum.
543 1492 616 1523 Ter.
631 1493 759 1541 Adelph.
772 1504 800 1532 4.
817 1503 842 1537 3.
861 1501 905 1530 15.
950 1493 968 1520 ].
985 1501 1010 1532 3.

203 1535 252 1565 Ad
263 1535 462 1566 contumeliam
477 1538 571 1566 omnia
585 1538 728 1576 accipiunt
743 1545 837 1575 magu.
1029 1532 1093 1563 Nec
1106 1532 1200 1564 dulces
1212 1543 1357 1565 occurrent
1370 1536 1458 1575 oscula
1474 1544 1546 1570 nati,

163 1575 276 1615 Quin
303 1586 321 1607 E
331 1577 421 1607 N1M?
437 1580 448 1614 ]
477 1575 572 1607 Potest
594 1577 633 1606 ita
654 1576 778 1614 suppleri
794 1585 800 1605 :
828 1575 910 1618 Quid
949 1572 1032 1613 Virg.
1049 1583 1068 1612 4
1090 1573 1212 1605 AEneid.

125 1621 201 1648 enim
209 1621 301 1660 potius
315 1622 451 1660 acciperet
471 1622 502 1648 in
516 1616 734 1648 contumeliam?
1030 1614 1094 1644 Nec
1108 1614 1200 1645 dulces
1215 1623 1293 1645 natos
1306 1639 1314 1655 ‚
1337 1616 1444 1648 Vener&
1460 1630 1509 1649 nec
1516 1626 1640 1661 praemia
1653 1628 1723 1658 mim}

166 1667 204 1688 10
235 1658 291 1688 Ca
301 1668 310 1688 1
319 1668 343 1689 M
352 1669 362 1690 1
372 1670 391 1690 N
400 1668 422 1689 A
431 1669 451 1690 τ
461 1669 484 1690 u
492 1661 535 1696 R]
567 1658 684 1690 Odiosa
697 1658 906 1689 criminatione
948 1655 1056 1686 Horat.
1071 1654 1164 1694 Epod.
1183 1667 1209 1687 2.

122 1699 213 1730 defert
225 1699 345 1729 fratrem
359 1700 454 1730 suum,
1028 1696 1157 1727 Domum
1172 1706 1257 1741 atque
1269 1698 1361 1728 dulces
1377 1699 1483 1730 liberos.

165 1750 177 1770 1
187 1750 212 1770 1.
234 1739 262 1770 V
273 1750 281 1770 1
291 1748 312 1769 R
336 1749 354 1770 N
363 1750 415 1771 AT
426 1750 448 1771 υ
457 1741 492 1776 s]
515 1739 601 1771 Cum
612 1740 655 1769 vir
670 1740 701 1769 fit
718 1746 820 1777 natus,
834 1747 905 1769 cum
988 1737 1042 1768 ΡΑ
1051 1746 1072 1767 Κ
1081 1746 1145 1768 T1E
1155 1745 1218 1779 Ns]
1241 1738 1390 1771 Tribuens
1405 1743 1510 1781 cuique
1517 1751 1630 1782 partem
1644 1758 1733 1782 amo*

121 1783 211 1812 virilis
226 1781 256 1811 fit
272 1780 362 1811 sexus.
946 1778 984 1809 ris
999 1779 1050 1808 sui.

161 1821 249 1853 REM
271 1823 575 1857 FOEMiNARUM.]
604 1820 823 1860 Supelleffliem
837 1829 905 1850 mu·
990 1828 1036 1858 15.
1058 1818 1142 1855 Tu]
1164 1820 1216 1852 Tu
1232 1822 1283 1853 fili.

120 1865 256 1895 liebrem:
280 1863 324 1900 id,
348 1863 429 1901 quod
444 1863 481 1893 ad
496 1864 636 1893 foeminas
650 1864 781 1902 pertinet.
990 1862 1036 1891 16.
1058 1859 1143 1896 TU]
1165 1862 1219 1893 Tu
1232 1863 1293 1894 filia
1307 1865 1365 1894 hoc
1379 1875 1447 1906 agas
1461 1889 1469 1904 ‚
1491 1874 1522 1897 ut
1539 1877 1576 1898 ne
1591 1881 1727 1911 appareat

164 1915 209 1936 12..
232 1904 320 1935 CAR
332 1911 427 1935 PENS
455 1913 476 1935 ο
486 1912 527 1935 sc
537 1914 559 1936 u
569 1914 618 1934 LA
636 1906 648 1940 ]
684 1903 776 1934 Ovid.
798 1901 852 1941 Ep.
874 1912 902 1933 2.
946 1911 980 1932 ea
1001 1903 1150 1941 turpitudo
1178 1905 1263 1935 faciei
1291 1915 1347 1945 prae
1374 1917 1495 1938 morum
1524 1911 1728 1947 pulcritudme,

119 1946 243 1977 Heroid.
945 1942 1024 1973 Vide
1039 1945 1106 1974 huic
1122 1947 1191 1976 loco
1207 1949 1415 1979 convenientia
1427 1949 1504 1988 apud
1518 1949 1726 1987 Piccaerec,

199 1987 267 2018 Non
274 1987 360 2028 super
377 1988 494 2017 incubui
500 1998 570 2025 ⁷non
585 1986 675 2026 oscula
680 1986 794 2028 frigida
809 1985 902 2027 carpfi.
945 1994 972 2024 9.
989 1994 1012 2014 c.
1030 1994 1056 2023 ς.
1078 1984 1203 2028 Menag.
1226 1988 1262 2020 ad
1285 1987 1439 2022 Laenium
1460 1991 1580 2025 edition.
1597 1993 1727 2029 Werstoe

163 2037 208 2070 13.
231 2027 293 2061 Du
304 2030 517 2067 LCEMQUE]
550 2027 599 2060 Sic
614 2029 690 2062 infra
704 2031 723 2060 l.
741 2037 764 2069 3.
781 2027 839 2060 fab.
857 2035 903 2065 ις.
947 2027 1041 2059 nianae
1055 2036 1119 2069 pag.
1135 2027 1183 2060 88.
1199 2028 1247 2070 89.
