2007 2771
506 84 1288 152 INDEX'

221 181 387 237 Tuscum.
822 196 878 236 45
918 183 1077 226 Mutire.
1622 205 1637 230 1
1647 204 1696 243 30

92 236 234 291 Affargo
252 241 293 278 in
298 246 414 291 puteo
433 236 537 290 quid.
799 252 872 292 103
919 237 1056 290 Myron
1071 241 1228 293 artfi’x.
1621 257 1698 297 134

92 293 265 341 Mecum,
283 301 356 346 pro
371 292 471 332 domi
487 304 585 331 mee.
816 300 871 345 46
918 292 1075 346 wrtus
1094 299 1231 338 Veneri
1234 297 1363 350 sacra.
1644 303 1696 350 84

92 348 230 387 Medea
249 360 341 402 quae.
795 361 871 388 100

93 402 292 443 Medentes
300 412 372 454 pro
391 400 553 441 medicis.
794 416 810 442 1
821 416 866 453 51
1266 405 1322 445 N,

92 457 248 497 Medius
253 456 322 512 sol
326 465 397 508 pro
415 454 483 494 die.
819 460 869 511 87

91 511 323 557 Mehercule,
342 509 508 565 jurandi
511 510 695 564 formula.
734 525 800 562 29,
820 515 871 564 85
1055 514 1154 554 Aris
1180 514 1357 555 emunetae
1384 515 1487 554 homo
1516 543 1528 564 ,
1563 515 1609 555 de
1627 529 1697 571 quo

91 565 213 606 Melos
227 565 328 620 quid.
709 569 774 616 86,
794 581 870 607 120
1110 568 1268 610 dicatur.
1302 607 1306 610 .
1643 577 1693 611 62
1714 581 1717 583 ’

89 621 299 661 Menander
317 623 412 675 quis.
793 635 872 676 135
912 622 1100 663 Narrabit
1124 624 1235 677 quod
1263 624 1352 678 quis
1377 624 1544 665 voluerit
1561 654 1572 674 ‚
1608 635 1697 679 pro-
1737 648 1741 664 ι

89 676 304 716 Mercurii-15
321 678 416 730 quis.
847 691 873 730 7
967 677 1141 718 verbiale.
1643 684 1662 721 8
1673 695 1694 731 5

89 731 258 785 Meigere
264 742 337 786 pro
352 731 544 772 devorare.
817 735 870 782 98
917 731 1105 773 Narratio
1113 742 1185 786 pro
1192 732 1344 787 fabula.
1559 749 1572 774 1
1588 749 1621 782 1,
1645 749 1659 774 1
1669 741 1694 775 6

87 786 232 826 Merito
249 815 261 834 ,
288 787 483 840 particula
508 787 654 841 cuhoam
678 788 872 842 agnoscen-
912 785 1091 841 Nasutus
1108 790 1207 843 quid.
1641 805 1693 840 99

142 843 206 880 tis.
818 847 870 896 36
911 841 1110 884 Natantes
1118 854 1188 897 pro
1195 844 1372 898 piscibus.
1670 858 1693 898 3

86 894 268 936 Meritum
291 905 365 950 pro
400 897 487 938 bene
511 900 654 939 merito.
715 911 758 937 12
773 926 785 946 ,
808 901 868 946 81,
910 896 1037 946 Nati,
1064 898 1110 938 de
1127 901 1244 939 ranis.
1642 904 1692 941 28

790 967 806 994 1
818 957 868 1004 56
1060 953 1107 993 de
1122 953 1262 994 catulis
1277 956 1369 1008 apri.
1640 966 1693 1007 43

85 1004 298 1047 Metuentes
324 1007 490 1062 elliptica
517 1010 682 1049 oratione
698 1016 866 1049 utuntur.
910 1005 1073 1049 Natura
1078 1019 1151 1063 pro
1169 1018 1307 1050 natura
1323 1022 1454 1049 rerum.
1638 1014 1689 1048 62

812 1076 863 1115 42
909 1063 1067 1103 Natura
1072 1063 1225 1116 stmstra
1233 1075 1305 1119 pro
1322 1064 1493 1118 adversa.
1641 1077 1689 1114 52

83 1115 255 1170 Mgrare
264 1146 276 1165 ‚
296 1119 421 1170 prima
439 1118 561 1172 longa.
790 1132 805 1158 1
818 1131 861 1169 51
909 1118 1045 1159 Natus
1062 1118 1139 1159 diis
1157 1119 1279 1159 iratis.
1613 1131 1628 1157 1
1642 1131 1689 1169 17

83 1172 233 1211 Minari
241 1183 315 1225 pro
323 1175 554 1225 promittere.
788 1187 803 1212 1
815 1187 861 1214 22
909 1173 1094 1227 Neapolis
1114 1172 1328 1227 Campaniae
1348 1172 1442 1215 urbs.
1636 1185 1692 1224 44

83 1226 214 1266 Minos
231 1227 321 1267 Rex
341 1228 474 1268 Cretae.
787 1241 859 1268 101
908 1227 995 1267 Nec
1004 1238 1075 1280 pro
1093 1241 1174 1268 non.
1414 1240 1478 1279 14,
1500 1241 1589 1275 100,
1612 1232 1691 1279 146

81 1281 243 1334 Adiscere
261 1283 361 1337 quid.
844 1295 866 1333 5
908 1282 1118 1335 Neceffitas
1126 1293 1200 1337 pro
1219 1283 1345 1323 ordine
1364 1292 1518 1323 naturae.
1647 1286 1691 1324 81

81 1335 264 1388 Mffcere,
293 1336 338 1376 de
358 1350 508 1377 venene.
813 1351 861 1387 19
908 1337 1057 1377 Nectar
1075 1338 1176 1393 quid.
1532 1340 1597 1389 83,
1619 1351 1692 1386 109

80 1390 296 1444 Mstnensts
312 1392 409 1432 villa
427 1393 524 1433 unde
540 1391 658 1432 dura.
808 1404 864 1442 44
906 1392 1078 1445 Negatio
1096 1394 1254 1445 repetita
1269 1391 1441 1444 affirmat.
1614 1404 1629 1429 1
1643 1404 1694 1442 14

80 1446 240 1485 Mittere
246 1456 397 1498 panem.
634 1458 699 1496 27,
717 1456 785 1495 40,
810 1451 861 1485 60
906 1445 1208 1487 Nemoricultrix
1237 1457 1306 1500 pro
1342 1445 1497 1486 cultrice
1522 1448 1691 1486 nemoris.

255 1514 394 1539 vocem.
702 1502 767 1545 86,
786 1512 864 1550 104
1637 1513 1689 1550 41

78 1554 314 1608 Mnemosyne
329 1563 448 1594 mater
465 1553 538 1593 Mu
555 1566 671 1592 arum.
814 1566 864 1603 55
907 1552 1057 1593 Nemus
1076 1554 1175 1608 quid,
1639 1567 1692 1606 34

78 1609 270 1662 Modestus
276 1618 347 1662 pro
365 1617 561 1649 contentia
578 1607 732 1647 modico.
813 1611 861 1660 38
907 1607 1038 1648 Nenia
1056 1609 1156 1663 quid.
1552 1619 1617 1659 54,
1634 1622 1690 1658 90

79 1663 214 1704 Moliri
217 1663 410 1716 fraudem.
783 1676 857 1716 103
906 1663 1054 1703 Nescio
1073 1664 1181 1717 quis,
1201 1661 1383 1715 formula.
1638 1676 1691 1715 70

79 1718 325 1758 Momentum.
813 1730 860 1770 53
905 1717 1022 1757 Nihil
1041 1719 1116 1765 est,
1131 1717 1312 1771 formula.
1635 1722 1688 1769 67

79 1773 195 1813 Mons
201 1775 374 1827 summus
383 1783 455 1827 pro
460 1773 612 1826 fitmma
623 1775 763 1813 montis
770 1781 865 1826 par·
907 1770 1029 1813 Nilus
1046 1773 1195 1824 Africae
1203 1773 1363 1825 fluvius.
1639 1786 1691 1821 29

133 1837 180 1869 te.
808 1839 865 1878 44
908 1826 1047 1867 Nitere
1064 1828 1163 1881 quid.
1637 1831 1691 1866 66

78 1881 249 1936 Bffonstra
267 1884 394 1936 hostiis
407 1883 597 1937 procurari
604 1881 736 1936 solita.
809 1887 858 1922 62
907 1881 1053 1929 Nitor>
1067 1893 1140 1935 pro
1148 1881 1356 1937 splendore.
1639 1894 1654 1919 1
1666 1883 1688 1920 8

79 1938 234 1978 Mortuo
242 1949 315 1991 pro
332 1941 373 1978 in
393 1947 585 1977 mortuum.
811 1940 863 1986 89
906 1935 1040 1977 Nixus
1049 1946 1121 1989 pro
1138 1938 1306 1977 innixus.
1610 1947 1683 1987 103

78 1993 294 2045 Migientes
303 2003 373 2045 pro
391 1991 516 2032 baem.
731 2005 767 2044 3,
785 2006 799 2032 1
812 2006 857 2041 51
905 1989 1080 2039 Nobilis,
1108 1991 1153 2031 de
1170 1991 1357 2043 amphora.
1640 2000 1689 2039 59

80 2048 249 2095 M33&,
268 2058 339 2100 pro
346 2047 486 2100 fabula
491 2046 603 2100 falsa
624 2041 671 2088 c&
695 2059 797 2086 vera.
838 2061 857 2086 2
906 2044 1127 2086 Nocturnas
1132 2046 1215 2098 fur.
1637 2055 1687 2094 27

79 2101 198 2142 Affulae
215 2105 257 2141 in
272 2102 469 2142 vehiculis.
811 2107 835 2141 6
844 2114 864 2150 5
905 2100 1019 2141 Nolo
1040 2100 1204 2140 irascaris
1216 2130 1225 2143 ‚
1245 2097 1425 2151 formula.
1612 2112 1626 2138 1
1641 2112 1654 2136 1
1664 2111 1688 2149 7

77 2156 251 2196 Miumre
269 2156 430 2210 aliquem
449 2157 554 2198 male.
841 2158 862 2195 8
907 2154 1000 2195 Non
1007 2155 1141 2208 fugere
1158 2164 1320 2193 mortem.
1634 2166 1686 2204 70

249 2210 364 2261 stmi'li'
369 2212 474 2264 jure.
814 2224 863 2260 29
908 2209 1019 2249 Nota
1028 2220 1100 2264 pro
1118 2211 1328 2263 ignominia.
1665 2210 1685 2247 8

79 2265 182 2305 Muli
199 2267 253 2307 ad
267 2265 364 2320 quid
380 2266 467 2305 olim
484 2265 657 2307 adhibiti.
811 2278 863 2317 47
908 2263 1058 2304 Nota're
1075 2265 1235 2319 aliisi-‘em
1242 2274 1315 2317 pro
1335 2261 1600 2316 reprehendere.
1636 2266 1683 2311 58

77 2321 221 2361 Μῑιίςεν
239 2324 279 2361 in
297 2320 456 2375 obliquis
472 2321 722 2374 penultimam
751 2321 866 2359 corri-
908 2318 1040 2360 Notus
1058 2320 1158 2374 quid.
1639 2321 1688 2355 16

132 2378 197 2415 uit.
809 2389 857 2426 72
908 2375 1021 2414 Novi
1042 2386 1249 2427 antequam
1268 2384 1309 2413 tu
1327 2382 1437 2412 natus
1457 2385 1517 2420 es,
1530 2381 1688 2424 pro-ver-

75 2431 218 2471 „Mui'iir
237 2444 308 2471 non
327 2431 442 2470 rudis.
805 2442 859 2479 40
963 2428 1072 2468 bium.
1616 2439 1686 2474 150

77 2486 237 2526 Munera
255 2486 331 2525 diis
349 2486 456 2526 data,
778 2496 856 2535 104
908 2482 1120 2536 Novissime
1127 2492 1200 2537 pro
1219 2481 1378 2524 tandem,
1521 2494 1586 2533 79,
1611 2484 1687 2518 106

1606 2531 1657 2572 N
1676 2556 1697 2563 ω
