2007 2771
418 78 601 139 DE
727 79 1433 142 PHAEDRO.

128 184 294 226 tollente
309 208 320 228 ‚
358 195 530 225 narrare,
567 196 611 222 ac
631 181 906 220 nutricularum
931 181 1073 222 fabulis
1096 182 1319 223 substituere
1336 184 1477 225 suadet.
1519 187 1726 241 Qamob-

126 266 207 294 rem
232 250 462 292 Phaedrum,
499 263 579 303 quo
609 262 727 289 nemo
749 247 891 301 AEsopi
912 248 1125 304 Apologos
1146 251 1271 306 magis
1294 251 1410 294 scite,
1445 253 1646 307 magisque
1665 255 1724 295 di-

125 322 222 362 serte
238 319 415 359 elocutus
441 316 495 357 est
515 343 527 362 ,
562 317 847 370 Praeceptorem
868 315 952 356 filio
970 330 1195 370 exponere,
1234 322 1273 357 &
1290 320 1550 374 elegantiores
1572 322 1724 375 expres-

126 390 252 429 siones
284 383 504 426 ediscendas
535 384 782 425 committere
810 383 906 435 jufli.
978 384 1100 424 Simul
1121 386 1367 427 occasionem
1400 387 1552 443 semper
1591 402 1722 444 capta—

126 458 235 499 bam‚
273 451 462 494 monendi
484 466 670 506 puerum,
708 451 804 505 quid
823 450 998 505 fEsopus
1016 465 1086 504 per
1103 453 1264 494 fabellas
1284 455 1524 507 quaefiverit,
1538 460 1577 495 δε
1598 471 1722 510 quan-

122 535 204 565 tum
229 522 278 562 ad
299 532 450 561 errores
467 521 691 561 mortalium
707 518 963 574 corrigendos
984 532 1039 559 eae
1054 518 1221 566 faciant,
1261 532 1303 562 ut
1330 523 1380 563 fic
1397 535 1546 564 mature
1569 526 1724 566 virtutis

122 594 160 631 &
176 590 386 643 probitatis
405 589 611 643 praeceptis
634 600 806 629 teneram
826 597 999 628 mentem
1020 588 1247 629 imbuerem,

402 701 606 756 Christoph.
624 701 805 742 cellarius
821 703 862 740 in
879 702 992 740 Curis
1000 702 1258 755 posterioribus
1274 698 1320 745 db
1337 705 1435 745 Bar-

785 768 956 824 barismis
966 799 976 817 ‚
1008 775 1079 811 &c.

186 857 371 898 Phaedrus
388 883 400 902 ‚
436 857 602 912 Augusti
630 855 811 896 Libertus
832 880 844 899 2
882 856 1050 897 Tiberio
1072 873 1193 912 remp.
1229 860 1521 903 administrante
1538 887 1550 906 ,
1589 864 1721 917 Sejani

119 927 236 972 odio,
274 925 431 967 fortuna
452 924 605 965 adversa
624 923 871 964 conflistatus
890 948 901 967 2
937 925 1083 979 scripfit
1103 927 1350 980 politiffimas
1369 928 1402 968 F
1405 930 1537 972 abulas
1556 942 1640 973 tum
1660 934 1719 973 ul-

117 996 219 1035 tioni
240 993 318 1038 sui,
355 1005 436 1033 tum
456 992 573 1033 etiam
595 990 735 1032 solatio
749 1016 760 1035 ‚
798 990 906 1045 quod
932 1004 1139 1046 utrumque
1157 1008 1205 1035 ex
1226 998 1426 1050 prooemio
1449 997 1536 1039 Lib.
1557 999 1628 1039 ΙΙΙ.
1650 1015 1719 1055 ap-

115 1074 238 1116 paret.
307 1061 486 1114 Scioppii
502 1059 714 1112 judicium,
752 1060 820 1113 qui
850 1059 989 1099 Infam.
1010 1074 1099 1117 pag.
1123 1066 1195 1111 69.
1225 1063 1266 1104 in
1286 1064 1454 1105 Phaedro
1473 1065 1603 1107 nescio
1622 1069 1718 1122 quid

116 1130 265 1169 barbari
284 1128 563 1172 subodoratur,
600 1141 684 1167 non
705 1128 830 1182 magis
843 1127 880 1166 se
895 1126 1023 1168 doctis
1046 1130 1250 1183 probavit,
1287 1146 1404 1185 quam
1422 1133 1548 1178 illius,
1586 1139 1655 1189 qui
1674 1138 1715 1177 in

114 1196 233 1237 Livio
250 1195 512 1250 deprehendit
530 1195 840 1236 Patavinitatem.
911 1195 1136 1252 Principem
1162 1211 1258 1254 ergo
1288 1200 1419 1239 locum
1438 1203 1481 1240 in
1501 1201 1580 1242 hoc
1598 1204 1712 1244 saecu-

113 1265 155 1304 lo
181 1269 218 1304 &
239 1263 466 1319 proximum
494 1262 630 1304 Poe'tis
648 1263 876 1318 Augusteis‚
911 1276 994 1303 non
1022 1275 1173 1306 tantum
1203 1268 1396 1320 temporis
1416 1268 1593 1313 ratione,
1629 1285 1711 1324 quo

113 1333 237 1379 vixit‚-
273 1331 335 1372 sed
356 1331 475 1372 etiam
493 1331 568 1371 stili
588 1342 727 1371 ornatu
748 1355 759 1375 ‚
795 1341 915 1384 quem
937 1329 1097 1372 Fabulis
1118 1334 1323 1387 expressit,
1358 1335 1443 1388 jure
1461 1336 1535 1390 ipsi
1555 1340 1715 1381 merito-

114 1413 192 1453 que
213 1398 469 1455 adfignamus.

429 1513 495 1567 Jo.
513 1512 696 1556 Albertus
713 1512 905 1557 Fabricius
924 1516 964 1555 in
980 1514 1216 1556 Bibliotheca
1235 1514 1393 1559 Latina.

179 1600 364 1644 Phaedrus
388 1600 548 1646 Thrax,
587 1600 750 1656 Augusti
778 1601 1032 1655 Imperatoris
1057 1603 1238 1644 Libertus
1264 1629 1275 1648 ‚
1311 1603 1380 1643 sub
1399 1604 1567 1648 Tiberio
1585 1608 1714 1664 Imp&

109 1682 239 1712 ratore
266 1669 436 1710 verfibus
460 1669 615 1710 senariis
643 1668 869 1710 suaviffimis
895 1670 1079 1723 expresfit
1107 1670 1230 1711 libros
1269 1672 1447 1726 quinque
1477 1674 1717 1719 Fabularum

112 1737 376 1792 AEsopiarum.

219 1835 371 1877 Paulus
388 1836 608 1892 Colomqfius
625 1838 666 1877 in
684 1835 1089 1892 Animadverfionibus
1115 1837 1168 1878 ad
1192 1837 1351 1889 Gyraldi
1367 1839 1481 1881 Dial.
1510 1842 1601 1884 VII

710 1905 755 1946 de
763 1908 894 1960 pofftis
911 1934 924 1955 ‚
941 1916 983 1960 p.
1002 1918 1094 1958 402.

175 1993 420 2060 Terfisfimus
438 1995 506 2037 ille
526 1994 561 2036 F
563 1995 766 2038 abularum
786 1996 1042 2053 AEsopiarum
1062 1999 1240 2043 imitator
1258 1999 1458 2043 Phaedrus.
