2007 2771
273 106 618 166 LIBRI
680 106 819 168 111.
912 107 1589 176 FABULAVI.
1680 131 1745 188 σς

541 258 606 338 F
720 259 797 340 A
916 264 996 342 Β.
1142 262 1336 347 Vl„

411 406 1489 454 MUSCAETMULA.

145 521 288 635 M
310 542 351 586 U
373 541 400 586 S
420 546 456 587 C
475 544 510 585 A
559 528 621 585 in
659 543 900 588 temone
945 526 1090 590 sedit
1119 579 1136 604 ‚
1185 533 1253 594 &
1295 533 1535 610 Mulam
1566 524 1757 597 incre-x

439 644 617 706 panS,

146 716 346 801 Qam
374 719 534 781 tarda
563 743 654 787 es,
698 726 927 807 inquit:
973 747 1098 788 non
1122 729 1210 790 vis
1236 732 1405 791 citius
1434 731 1748 814 progredi?

141 815 304 880 Vide
323 859 340 884 ‚
389 840 463 879 ne
491 819 714 881 dolone
739 822 957 884 collum
985 845 1390 910 compungam
1421 828 1548 888 tibi.

139 912 474 998 Respondit
498 917 628 978 illa:
679 920 893 984 Verbis
921 942 1044 982 non
1076 943 1328 986 moveor
1352 928 1462 985 tuis
1480 974 1497 998 ‚

137 1016 254 1081 Sed
282 1016 454 1078 istum
483 1021 701 1085 timeo,
747 1016 882 1081 sella
915 1025 1022 1106 qui
1051 1026 1235 1106 prima
1266 1020 1501 1098 sedenS,

137 1116 358 1200 Jugum
395 1115 631 1198 flagello
658 1136 939 1202 temperat
968 1120 1134 1181 lento
1165 1143 1403 1195 meum,

135 1219 217 1278 Et
246 1218 365 1278 lora
394 1214 572 1278 frenis
603 1221 866 1279 continet
895 1215 1313 1302 spumantibus.

144 1318 515 1405 Qpropter
544 1317 707 1380 aufer
733 1317 1012 1382 frivolam
1040 1316 1443 1380 insolentiam:

137 1422 421 1503 Namque
448 1418 553 1481 ubi
581 1417 944 1501 strigandum
973 1417 1081 1487 est,
1136 1421 1206 1483 &
1237 1419 1343 1480 ubi
1375 1421 1751 1500 currendum,=

307 1514 442 1577 sc10.

1544 1625 1576 1673 il
1618 1618 1748 1682 Hac

644 1713 676 1744 A
717 1714 750 1744 D
835 1714 861 1744 F
903 1714 933 1746 A
978 1714 1013 1745 Β.
1100 1715 1129 1745 V
1172 1715 1194 1746 Ι.

184 1779 210 1800 1.
232 1768 384 1801 Musca
406 1778 445 1800 m
467 1776 634 1799 τΕΜοΝΕ
657 1770 798 1805 εεῡιτ]
834 1767 922 1798 Faer-
1004 1768 1033 1797 6.
1055 1767 1314 1806 TEMPERAT]
1354 1768 1443 1810 Regit
1456 1792 1465 1808 ‚
1494 1770 1664 1802 moderatur
1679 1795 1687 1810 ,
1709 1782 1747 1804 ne

139 1819 194 1841 nus
209 1812 239 1842 in
253 1810 366 1841 Fabula
379 1810 416 1841 de
430 1809 540 1841 Musca
553 1809 581 1839 &
595 1809 754 1851 Quadrigis
767 1819 794 1848 p.
811 1808 859 1848 89.
963 1810 1071 1839 tardius
1087 1817 1136 1840 aut
1151 1812 1271 1840 celerius
1288 1811 1439 1849 incedam,
1462 1820 1555 1849 quam
1570 1821 1694 1850 oportet.

219 1850 324 1890 Musca
338 1851 474 1882 advolans
489 1854 593 1881 temoni
609 1862 707 1880 earum
722 1851 869 1889 insederat.
1004 1849 1034 1879 L
1044 1860 1060 1881 E
1071 1861 1090 1880 N
1099 1860 1119 1881 T
1129 1853 1171 1887 o]
1194 1851 1218 1881 F
1221 1851 1287 1881 aeto
1302 1853 1409 1890 quippe
1423 1860 1456 1881 ex
1471 1853 1550 1881 loris.
1586 1853 1636 1883 Sic
1649 1856 1747 1885 verbe-

179 1892 362 1927 MULAM]
386 1891 545 1923 Maiarum
566 1891 632 1922 usus
646 1892 802 1931 quondam
822 1892 877 1922 fuit
892 1892 923 1922 in
963 1903 996 1920 ra
1010 1891 1086 1921 lenta
1102 1893 1178 1931 apud
1193 1891 1275 1933 Virg.
1290 1894 1418 1923 Lentum
1433 1892 1472 1922 est
1489 1893 1621 1924 flexibile.
1665 1895 1747 1926 Hinc

137 1934 277 1964 vehiculis
291 1934 506 1964 celeberrimus.
964 1933 1041 1971 apud
1056 1934 1184 1963 eundem
1200 1932 1365 1964 Maronem
1379 1934 1417 1963 est
1432 1933 1459 1963 ἃ
1473 1933 1549 1963 lenta
1556 1935 1638 1972 salix
1653 1959 1661 1973 ‚
1690 1936 1748 1966 len-

180 1985 207 2006 2.
229 1974 262 2005 N
272 1984 323 2006 on
344 1976 422 2010 vis]
446 1974 569 2006 Notum
583 1973 920 2014 schemainterrogando
961 1981 1025 2004 tum
1040 1978 1157 2014 vimen,
1178 1974 1206 2004 ἃ
1221 1975 1328 2005 lentum
1336 1975 1482 2017 flagellum
1496 1998 1504 2013 ,
1527 1976 1608 2014 quod
1630 1978 1678 2007 hic
1698 1978 1747 2008 ha-

134 2015 243 2054 jubere.
265 2015 337 2047 Ter.
353 2015 429 2047 Eun.
446 2025 472 2054 5.
490 2027 516 2048 1.
955 2016 1074 2046 bemus.

219 2057 288 2088 Non
301 2065 334 2088 tu
347 2059 413 2098 tstuc
428 2058 542 2088 dictura
554 2065 649 2099 aperte
669 2068 697 2087 es
718 2057 855 2100 quicquid
865 2056 919 2097 cst?
1006 2065 1032 2095 7.
1055 2056 1074 2087 S
1085 2066 1100 2087 Ρ
1110 2067 1132 2089 U
1141 2067 1166 2088 M
1175 2067 1197 2087 A
1206 2069 1226 2089 N
1235 2067 1253 2088 T
1264 2068 1297 2089 113
1308 2068 1329 2089 U
1340 2061 1374 2096 S]
1406 2057 1449 2088 Ita
1463 2064 1541 2088 tenet
1556 2065 1587 2089 ut
1601 2058 1746 2097 spument.

138 2097 182 2130 Ita
198 2100 260 2137 hic,
282 2099 350 2129 Non
363 2099 407 2130 νιὲ
421 2102 501 2129 citius
511 2099 642 2141 progredi
657 2098 667 2128 3
690 2098 784 2138 Quod
798 2097 918 2140 Belgice
963 2097 1037 2128 Vult
1058 2098 1176 2129 reddere
1197 2101 1356 2137 rationem,
1383 2108 1472 2138 quare
1487 2109 1548 2130 non
1569 2100 1651 2138 poffit
1672 2103 1747 2130 cele-

138 2139 176 2169 fic
189 2140 247 2169 fere
261 2140 333 2170 solet
346 2140 456 2179 efferri,
477 2140 550 2171 Zult
559 2151 595 2184 gy
608 2148 763 2183 voortgaan
777 2141 808 2178 of
816 2139 895 2170 niet?
960 2140 1017 2169 rius
1037 2140 1178 2171 incedere.
1202 2139 1278 2171 Non
1294 2147 1425 2178 tanturn,
1434 2142 1488 2177 ait,
1510 2148 1597 2179 tenet,
1611 2141 1659 2172 sed
1670 2150 1747 2172 tenet

182 2189 208 2220 3.
230 2180 291 2211 Do
300 2183 423 2216 LoNE]
456 2181 509 2212 Per
523 2183 629 2213 fastum
643 2182 679 2212 de
693 2183 798 2212 aculeo
813 2181 866 2211 suo
881 2182 918 2211 fic
959 2188 1023 2211 tam
1037 2181 1148 2220 valide,
1170 2191 1277 2221 meque
1291 2183 1416 2220 cohibet,
1424 2190 1455 2212 ut
1470 2182 1497 2212 ὅτ.
1510 2183 1592 2213 fiena
1602 2182 1747 2222 spument,

139 2222 277 2260 loquitur.
298 2221 386 2252 Nam
399 2221 476 2252 dolon
490 2225 604 2262 proprie
618 2223 747 2264 gladius,
761 2229 810 2253 aut
824 2222 917 2261 cuspis
959 2223 1017 2252 hoc
1030 2222 1084 2260 est,
1106 2223 1210 2261 spuma
1225 2233 1259 2253 ex
1274 2224 1373 2253 labore
1387 2226 1570 2262 oppleantur.

138 2263 230 2293 ferrea
244 2263 273 2292 in
289 2264 394 2293 baculo
409 2265 568 2295 recondita.
591 2265 628 2295 Et
642 2265 714 2295 solet
723 2265 825 2296 musca
832 2264 919 2296 suurn
1004 2263 1031 2293 8.
1055 2264 1083 2294 A
1093 2274 1115 2295 U
1125 2274 1140 2294 F
1150 2274 1167 2294 Ε
1178 2266 1220 2300 R]
1244 2264 1360 2295 Omitte
1374 2265 1573 2296 insolentiam.

139 2306 278 2335 aculeum
294 2304 330 2334 fic
345 2304 458 2334 abdere.
481 2305 564 2346 Virg.
579 2305 652 2336 AEn.
666 2308 685 2336 l.
701 2315 727 2345 7.
742 2306 812 2337 vers.
828 2307 896 2346 664.
1003 2305 1247 2342 Fautorem]
1273 2306 1394 2338 Vanam
1409 2331 1417 2345 ‚
1447 2308 1495 2337 cui
1517 2310 1604 2338 nullae
1627 2306 1746 2337 subsunt

220 2345 291 2374 Pila
306 2356 409 2383 manu,
417 2345 557 2389 saevosque
568 2355 670 2388 gerunt
683 2351 715 2378 in
727 2349 795 2379 bella
804 2348 918 2378 dolones.
963 2347 1045 2377 vires.

140 2385 206 2418 Ubi
222 2386 287 2416 vide
302 2388 477 2425 interpretes.
1003 2397 1030 2427 9.
1054 2386 1073 2418 S
1083 2397 1102 2418 τ
1112 2396 1132 2417 R
1141 2398 1150 2418 1
1160 2396 1178 2418 G
1189 2397 1211 2418 Α
1221 2398 1241 2418 N
1249 2397 1272 2419 D
1281 2398 1303 2420 U
1312 2390 1358 2425 rt]
1382 2389 1516 2429 Quando
1531 2396 1664 2427 oporte-:rt
1678 2398 1744 2418 mo-

180 2438 208 2466 5.
231 2427 311 2468 QUt
334 2433 482 2466 PRtMA]
513 2427 660 2469 Aurigam
681 2430 824 2472 intelligit.
848 2429 919 2460 Pri·
960 2431 1023 2459 rari.
1070 2430 1196 2471 Strigare
1210 2432 1293 2460 enim
1307 2430 1345 2461 est
1366 2430 1603 2470 interquiescere,
1625 2431 1744 2460 dicitur-

137 2469 259 2507 masella
273 2468 312 2498 est
326 2469 482 2499 scamnum
498 2471 579 2508 equis
593 2471 760 2510 proximum
774 2495 782 2511 ,
811 2474 842 2504 in
857 2481 918 2511 quo
958 2480 1016 2510 que
1030 2472 1144 2510 proprie
1160 2471 1196 2501 de
1211 2474 1292 2510 equis
1308 2480 1357 2502 aur
1374 2474 1462 2503 mulis
1477 2474 1506 2502 in
1522 2471 1639 2509 strigam
1649 2472 1744 2499 collo-

137 2511 250 2551 proprie
264 2510 344 2542 sedes
360 2512 536 2552 aurigarum.
960 2514 1038 2544 catis.
1082 2511 1132 2584 {ic
1159 2512 1224 2544 usus
1247 2513 1348 2546 αιιᾶοπ
1369 2514 1496 2554 pau-odia:
1519 2515 1547 2543 in
1570 2511 1744 2581 l⁷e1113tidiuni

1622 2578 1625 2581 .
1650 2562 1664 2581 a
1681 2562 1744 2582 ium
