2007 2771
347 126 674 192 LIBRI
740 126 785 186 Ι.
869 125 1346 189 FABULA
1418 129 1539 195 VI.
1667 151 1726 190 11

133 225 417 312 AEsopus,
466 232 521 283 &
552 225 842 285 continuo
868 245 1090 285 narrare
1124 226 1365 310 incipit:

215 333 247 380 ql
288 325 570 391 Uxorem
597 321 901 406 quondam
936 323 1034 384 Sol
1068 346 1253 408 quum
1281 324 1458 388 vellet
1481 325 1721 395 ducere,

131 427 476 489 'Clamorem
508 423 687 482 Ranae
715 418 987 483 sustulere
1019 422 1092 484 ad
1122 420 1319 484 sidera.

130 523 437 587 Convicio
464 534 768 605 permotus
796 523 1000 603 quaerit
1025 521 1251 605 Jupiter

125 617 386 692 Causam
407 617 680 703 querelae:
721 617 994 702 quaedam
1022 635 1151 680 tum
1180 617 1368 703 stagni
1394 622 1586 683 incola
1605 672 1623 696 ,

129 723 345 792 Nunc,
398 718 621 800 inquit,
664 736 873 778 omnes
900 739 1049 778 unus
1086 721 1273 779 exurit
1301 719 1491 786 lacus,

128 817 437 898 Cogitque
464 810 696 874 miseras
733 813 892 874 arida
918 811 1051 875 sede
1080 818 1299 875 emori:

128 911 441 987 Quidnam
471 907 734 971 futurum
762 909 875 975 est,
919 907 962 968 si
994 913 1195 970 crearit
1223 911 1471 973 liberos?

168 1047 195 1067 2.
217 1036 245 1067 C
253 1046 274 1067 o
283 1048 302 1068 N
312 1046 331 1067 T
340 1047 349 1068 i
358 1047 378 1067 N
387 1046 409 1067 U
419 1036 460 1071 o]
490 1034 606 1066 Statim.
649 1033 782 1065 Simulac
795 1033 907 1064 vidisset
949 1033 1084 1064 Refertur
1099 1035 1135 1065 ad
1142 1034 1253 1072 {solem

125 1079 349 1109 multitudinem
364 1079 525 1108 hominum
539 1077 610 1106 illuc
624 1077 769 1106 euntium.
991 1075 1017 1105 E
1026 1085 1045 1105 Χ
1054 1085 1076 1106 U
1086 1085 1106 1106 R
1117 1086 1155 1107 11·
1167 1107 1175 1112 Α
1199 1079 1331 1108 Exficcat
1345 1087 1395 1117 per
1409 1080 1541 1111 calorem
1556 1081 1649 1114 suum.

166 1118 200 1148 N
208 1129 230 1149 A
240 1128 260 1149 R
271 1129 291 1150 R
301 1129 323 1149 A
333 1128 353 1149 R
363 1119 401 1153 E]
425 1118 603 1159 Apologum
625 1116 824 1148 comminisci.
858 1115 908 1147 Sic
992 1115 1020 1147 8.
1043 1116 1102 1147 AR
1113 1128 1120 1148 1
1130 1121 1205 1155 DA]
1241 1119 1391 1150 Absumto
1411 1130 1461 1159 per
1492 1124 1624 1154 calorem
1645 1128 1729 1157 omni

123 1159 266 1191 Narratio
279 1162 369 1191 etiam
385 1159 507 1190 sumitur
515 1169 568 1198 pro
576 1158 698 1190 Fabula.
715 1159 784 1190 Vid.
799 1159 848 1188 llb.
857 1159 909 1188 hu-
950 1159 1075 1189 humore
1088 1161 1211 1197 paludis.

119 1210 167 1238 jus
188 1202 246 1232 fab.
263 1212 308 1233 12.
324 1203 352 1232 ἃ
367 1203 385 1231 1.
401 1210 427 1239 5.
443 1202 462 1231 f.
479 1211 505 1231 2.
992 1198 1118 1236 SEDE]
1143 1200 1251 1232 Sedem
1264 1210 1354 1233 vocat
1367 1203 1611 1243 paludem‚quafi
1626 1208 1730 1240 locum

166 1252 193 1280 5.
216 1242 442 1277 CONV1C10]
467 1241 706 1281 Vociferatione,
728 1243 776 1271 vel
792 1242 907 1271 clamo·
951 1243 1216 1281 commorationis,
1237 1244 1287 1273 ubi
1302 1244 1419 1285 degunt.

122 1294 152 1313 re
167 1307 175 1321 ,
196 1284 277 1323 quod
298 1282 442 1323 praeceffit.
486 1282 662 1326 Conviciam
675 1306 684 1319 ‚
696 1282 789 1329 'quod
805 1281 906 1312 secun-
989 1280 1047 1312 EM
1057 1291 1107 1312 oR
1117 1284 1148 1318 1]
1172 1282 1222 1313 Sic
1235 1291 1267 1314 ut
1282 1287 1364 1316 nulla
1377 1285 1491 1324 reliqua
1504 1295 1632 1319 maneat.
1663 1289 1729 1321 Bel-

123 1325 195 1355 dam
209 1326 367 1364 producit,
388 1325 494 1355 dicitur
513 1334 531 1354 a
550 1323 762 1361 conjunciione
782 1332 904 1353 vocum.
947 1323 1012 1362 gice
1024 1324 1189 1363 uitsterven.

164 1366 358 1404 JupirER]
387 1365 471 1396 Pater
491 1363 629 1395 Deorum
642 1387 652 1403 ,
679 1364 716 1395 de
735 1373 797 1403 quo
818 1365 905 1394 variis
960 1404 965 1409 .
989 1373 1016 1403 9.
1039 1364 1254 1403 CREARiT]
1283 1365 1454 1399 procrearit.
1497 1368 1627 1407 Optima
1648 1373 1731 1404 locu-

124 1409 196 1437 locis
213 1408 243 1437 fit
258 1409 381 1439 mentiO.
946 1411 997 1434 tio.
1042 1404 1091 1438 Sic
1104 1406 1196 1437 Ovid.
1211 1407 1247 1437 de
1261 1407 1366 1447 Peleo,
1389 1411 1438 1440 lib.
1453 1408 1481 1440 8.
1497 1408 1627 1442 Metam.

163 1449 191 1478 6.
215 1448 246 1488 Q
254 1459 276 1481 U
284 1458 302 1480 Ε
311 1458 332 1479 R
341 1457 358 1478 E
367 1450 441 1486 ιε]
464 1446 545 1478 Ante
558 1446 632 1477 dixit
642 1446 794 1478 clamorem
808 1447 835 1478 ὃ(
843 1458 903 1477 con-
945 1485 980 1517 ΡΙ
1042 1489 1051 1518 I
1121 1446 1281 1520 Mfgnique
1295 1458 1401 1480 creator
1413 1450 1544 1482 Achillei.

984 1496 1026 1518 or.
1055 1511 1061 1517 .
1079 1499 1104 1519 1.
1124 1499 1150 1519 c.
1187 1492 1280 1535 .Qua

121 1492 244 1520 vicium
1282 1492 1356 1522 mvis
1369 1500 1461 1523 matre
1466 1493 1558 1532 serva
1571 1504 1706 1528 creatum.

163 1531 182 1560 ὃ
192 1540 211 1561 T
220 1540 242 1561 Α
251 1541 270 1564 G
282 1543 321 1564 Nl
344 1539 407 1563 ,Nc
417 1540 437 1562 0
446 1540 465 1562 L
473 1530 518 1567 A]
542 1529 631 1562 Rana
644 1553 653 1568 ,
681 1530 718 1560 ab
739 1530 900 1560 incolendo
986 1529 1057 1559 Huc
1070 1531 1144 1561 mire
1159 1532 1228 1562 facit
1243 1533 1323 1570 quod
1339 1542 1373 1563 ex
1387 1532 1504 1565 Stobaeo
1519 1535 1555 1565 ad
1571 1537 1646 1568 hanc
1654 1538 1679 1568 F
1681 1542 1725 1571 ab.

123 1571 233 1603 staouo·
943 1571 1028 1601 refert
1048 1570 1266 1603 Freinshemius
1299 1574 1335 1604 de
1362 1573 1451 1614 Lydo
1477 1577 1621 1615 quodam.
1670 1580 1727 1613 Sed

163 1596 191 1652 ξ.
215 1612 355 1653 Unus]
392 1614 479 1645 Solus
494 1638 503 1653 ,
526 1613 574 1644 etsi
595 1615 690 1653 plures
711 1622 773 1643 non
795 1619 901 1643 extent.
944 1612 1040 1652 ipsum
1054 1613 1110 1643 adi.
1134 1613 1212 1645 Vide
1225 1614 1254 1644 &
1268 1613 1431 1647 Camerarii
1446 1616 1593 1650 Fabulam
1617 1622 1685 1653 161,

488 1771 549 1849 F
664 1771 747 1850 A
861 1771 1365 1873 B.‚V11.

298 1909 540 1949 VULPIS
587 1909 676 1949 AD
724 1910 1107 1951 PERSONAM
1153 1882 1539 1967 TRAorc'AM

121 2006 207 2119 P
227 2026 261 2069 E
279 2029 317 2067 R
336 2028 359 2066 s
377 2026 417 2066 o
432 2025 474 2092 N
487 2024 523 2066 A
537 2024 585 2067 M
629 2009 913 2090 tragicam
938 2004 1089 2069 forte
1118 2009 1326 2095 Vulpis
1354 2009 1597 2075 viderat.

224 2109 287 2168 O
315 2122 530 2190 quanta
544 2104 781 2192 specim,
798 2111 992 2193 inquit
1006 2158 1023 2183 ,
1042 2111 1349 2171 cerebrum
1370 2129 1491 2170 non
1508 2106 1688 2170 habet
1708 2117 1721 2169 !

200 2208 230 2254 qi
273 2204 410 2266 Hoc
451 2197 558 2267 illis
596 2205 825 2271 did'tum
865 2207 943 2269 est
980 2251 998 2276 2
1068 2208 1279 2292 quibus
1320 2207 1615 2272 honorem
1656 2211 1725 2272 &

355 2298 601 2379 gloriam
1587 2306 1627 2361 F
1630 2322 1722 2363 or-

639 2397 747 2429 AD
813 2397 987 2431 ΓΑΒΑ
1051 2398 1246 2429 VII..

170 2460 193 2480 1.
223 2449 270 2480 Pr
279 2458 298 2479 R
310 2457 323 2480 s
334 2457 354 2480 o
363 2459 411 2480 NA
422 2451 467 2486 M]
497 2450 630 2483 Larvam
651 2477 660 2492 ‚
700 2463 759 2493 qua
786 2454 899 2486 actores
984 2465 1011 2486 2.
1034 2455 1087 2485 Fo
1096 2464 1117 2485 R
1126 2465 1146 2486 T
1155 2458 1194 2493 Ε]
1217 2456 1295 2488 Casu
1311 2458 1453 2496 quodam.

126 2501 153 2520 ni
169 2491 254 2522 scena
268 2494 385 2522 vultum
399 2492 426 2521 ὃ(
442 2500 528 2531 caput
542 2494 732 2536 obtegebant,
754 2503 785 2528 ut
793 2497 899 2529 ficme-
986 2507 1012 2538 3-
1036 2496 1109 2527 D1C
1120 2506 1139 2527 T
1149 2506 1203 2528 ΗΜ
1225 2507 1243 2528 E
1253 2507 1267 2529 S
1277 2501 1317 2534 Ti
1342 2499 1721 2539 HOCilliwppllfflsffissbffi*

124 2535 178 2562 lius
192 2533 349 2572 personam
363 2535 524 2573 quamlibet
537 2534 713 2568 sustinerent.
984 2539 1046 2609 HBO
1055 2549 1074 2569 x
1083 2548 1104 2570 o
1112 2547 1133 2570 R
1143 2548 1161 2570 E
1170 2540 1215 2577 M]
1239 2539 1437 2581 Dignitatem,

1050 2589 1068 2610 2.
1586 2578 1727 2620 4.'l'R1-
