2007 2771
235 67 670 146 JUDICIA
754 87 851 130 ET
939 70 1612 136 TESTIMONIA

341 216 427 294 D
490 215 554 293 E
677 215 733 294 Ρ
792 216 881 295 H
939 215 1059 296 AE
1123 218 1208 296 D
1273 219 1343 296 R
1411 221 1508 298 O.

425 385 595 437 Joannes
623 384 813 424 Cardinal.
843 385 953 425 Bona
969 388 1010 424 t'n
1032 384 1191 426 Afotitia
1201 388 1421 429 Αιιὲῗονιιιιι.

214 468 383 510 Haedrus
400 471 559 515 Thrax,
598 470 764 524 Augusti
783 470 947 511 Caesaris
967 471 1150 515 libertus,
1173 471 1413 516 fabularum,
1437 484 1552 524 quas,
1576 483 1618 512 ut
1638 471 1721 525 ipse

222 538 275 577 ait
301 539 366 578 lib.
395 553 431 578 v.
460 539 701 579 auetoritau's
734 541 856 593 gratia
878 538 1062 591 AEsopias
1098 541 1364 593 nuncupavit,
1401 540 1524 580 libros
1545 540 1721 593 quinque

122 605 347 659 conscripsit
366 606 547 647 Iambicis
566 605 735 646 verfibus
754 606 968 646 cultissimis
988 611 1026 647 Sc
1047 607 1348 662 elegantiffimis.

534 705 697 746 Thomas
717 704 906 757 Reincfius
925 705 1139 759 Eponymol.
1168 698 1317 747 inedlts

189 791 374 833 Phaedrus
400 792 538 834 Thrax
564 818 576 837 ‚
614 793 778 849 Augusti
805 792 892 833 Lib.
922 792 1070 835 fabulas
1092 793 1235 848 AEsopi
1264 795 1508 851 pulcerrimis
1548 794 1719 835 vex-fibus

121 861 273 903 Latinis
290 859 474 902 reddidit.

326 959 495 1013 Jacobus
514 960 790 1001 Bidermannus
811 959 830 998 ὲ
849 959 926 999 Soc.
945 959 1040 1012 Jefit
1060 960 1205 1014 Utopz‘ae
1222 960 1281 1000 lib.
1306 976 1320 1001 1
1332 995 1337 1001 .
1351 970 1438 1015 pag.
1459 974 1492 1014 3.

184 1050 393 1092 Phaedrum
423 1050 532 1092 horis
560 1050 762 1091 subsecivis
784 1063 857 1108 per
886 1052 1092 1104 proximos
1121 1052 1271 1105 priores
1302 1051 1385 1091 dies
1413 1051 1489 1105 legi
1514 1074 1526 1093 2
1562 1051 1717 1093 Tiberii

117 1119 308 1174 principis
335 1118 541 1162 libertum,
578 1118 740 1158 do&um
770 1130 905 1159 caetera
934 1119 1162 1171 scriptorem
1182 1123 1221 1158 δε
1240 1118 1500 1159 fabulatorem
1518 1117 1606 1158 sane
1630 1133 1714 1159 non

117 1186 316 1229 inficetum
329 1207 342 1233 ³
379 1187 526 1239 quique
548 1186 750 1239 probioris
767 1186 1012 1238 aliquantum
1040 1186 1209 1231 indolis,
1246 1200 1363 1240 quam
1384 1185 1504 1225 hodie
1525 1186 1713 1241 pleraque

117 1255 333 1296 fabularum
352 1265 572 1295 commenta
587 1273 599 1299 3
633 1266 698 1294 aut
718 1254 846 1292 verius
865 1254 937 1293 aevi
956 1253 1077 1293 nostri
1097 1253 1288 1294 dedecora
1311 1268 1317 1290 :
1357 1253 1398 1292 in
1421 1253 1564 1305 quibus
1581 1252 1714 1310 legen-

116 1323 175 1363 dis
193 1333 333 1377 praeter
352 1323 473 1362 bonas
490 1321 627 1365 horas,
665 1334 817 1360 morum
840 1334 1001 1374 quoque
1022 1321 1321 1375 animorumque
1342 1319 1591 1374 dispendium
1610 1322 1676 1361 est.

388 1421 455 1474 Jo.
475 1420 651 1460 Pricaeus
671 1422 773 1459 notis
789 1422 829 1460 in
848 1420 1002 1475 Apulq'l
1021 1420 1242 1476 Apologiam
1249 1431 1338 1476 pag.
1362 1424 1422 1462 18.

180 1505 366 1546 Phaedrus
384 1505 638 1562 lepidissimus
657 1506 891 1547 Fabularum
913 1507 1098 1561 Scriptor.

477 1607 615 1660 Caspar
633 1605 820 1647 Barthius
838 1606 1046 1661 Adversas.
1067 1606 1090 1646 l.
1108 1620 1192 1646 xxx.
1213 1620 1243 1645 c.
1264 1620 1323 1645 22.

181 1689 374 1743 Ingenuas
393 1690 547 1731 Phaedri
568 1690 716 1731 fabulas
734 1705 755 1730 a
776 1690 902 1742 prima
922 1692 1089 1744 pueritia
1117 1692 1160 1730 in
1189 1689 1340 1729 deliciis
1364 1687 1496 1729 habui.
1567 1688 1617 1729 Et
1637 1690 1709 1728 im-

114 1757 270 1798 mortali
289 1769 421 1797 amore
443 1758 689 1811 prudentiam
710 1757 752 1796 in
770 1767 848 1796 tam
869 1757 1047 1798 suavibus
1065 1758 1192 1797 verbis
1209 1761 1248 1796 δε
1273 1756 1414 1797 fabulis
1433 1755 1626 1801 abditam,
1648 1756 1708 1797 di-

112 1838 228 1880 gnam
249 1824 325 1864 esse
345 1827 432 1877 quis
451 1829 594 1880 neget?

284 1925 473 1979 Augtstns
490 1925 707 1965 Buchnerus
725 1927 765 1965 in
784 1924 892 1964 libris
910 1925 957 1963 de
974 1932 1201 1963 commutata
1220 1925 1363 1962 ratione
1381 1922 1538 1962 dicendi.

178 2000 360 2041 Phaedtus
379 2000 681 2056 elegantissimus
700 1998 933 2039 Fabularum
957 1997 1230 2052 A‘Esopicarum
1248 2002 1377 2050 poeta.

580 2099 686 2139 Idem
704 2097 872 2137 oration.
892 2096 991 2138 Tom.
1013 2112 1045 2137 2.
1066 2097 1174 2136 Orat.
1197 2109 1232 2135 2.

179 2173 362 2216 Phaedrus
381 2174 686 2230 elegantisfimus
708 2172 944 2213 Fabularum
964 2171 1238 2226 AEsopicarum
1263 2174 1384 2224 poeta
1404 2198 1415 2216 ‚
1452 2173 1613 2214 libertus
1632 2168 1705 2210 Ti-

116 2241 210 2283 berii
229 2243 389 2283 Caesaris
409 2242 661 2284 doffissimus.

357 2342 461 2382 Idem
477 2341 594 2406 Eptst.
613 2341 713 2383 Tom.
734 2356 769 2382 2.
791 2341 864 2395 Ep.
883 2354 947 2394 71.
963 2340 1018 2380 ad
1034 2339 1178 2393 Janum
1196 2340 1405 2379 Gruterum.

176 2416 333 2459 Phaedri
355 2418 551 2473 elegantes
571 2416 610 2458 ὃ(
632 2417 837 2473 purissimae
863 2416 1089 2457 Latinitatis
1108 2440 1118 2459 2
1154 2414 1205 2454 fic
1230 2415 1413 2456 Barthius
1441 2414 1570 2457 censet
1584 2439 1595 2459 ,
1631 2411 1710 2454 Fa-

991 2484 1017 2509 *
1028 2484 1052 2511 ³*
1064 2484 1089 2510 ²*
1103 2485 1127 2510 ²*
1601 2481 1708 2521 bulas
