2007 2771
238 107 312 158 42

412 79 885 145 PHAEDRI
969 68 1735 136 FABULARUM

183 209 205 246 5
240 180 466 246 Fraude
496 182 564 243 ὅζ
594 177 823 239 scelesta
859 175 937 237 fic
968 175 1177 238 evertit
1208 170 1447 235 malitia.

247 283 352 349 Ad
380 280 590 342 nidum
616 275 841 338 scandit
872 275 1161 336 volucris:
1208 272 1531 352 pernicies,
1573 270 1693 333 ait,

244 383 391 449 Tibi
418 397 639 465 paratur
660 420 676 444 ‚
724 374 918 437 forfin
949 377 1018 438 &
1043 371 1262 435 miserae
1291 370 1457 433 mihi.

245 487 412 547 Nam
443 478 649 540 fodere
677 497 882 539 terram
911 475 1075 561 quod
1106 473 1274 537 vides
1304 471 1570 558 quotidie

245 583 484 666 Aprum
515 575 859 639 insidiosum
876 624 893 648 ,
941 595 1226 658 quercum
1252 571 1380 635 vult
1407 588 1703 646 evertere,

196 683 341 740 10Ut
369 677 627 739 nostram
655 679 714 736 in
743 675 919 759 plano
947 670 1125 732 facile
1156 671 1512 754 progeniem
1542 674 1859 757 opprimat.

247 784 498 845 Terrore
525 775 715 838 offuso
748 777 816 838 &
848 771 1194 858 perturbatis
1222 767 1510 837 sensibus,

245 879 499 961 Derepit
532 874 603 936 ad
632 873 831 934 cubile.
852 867 1050 933 setosae.
1071 866 1209 929 fuiss

247 1090 285 1121 Et
302 1090 381 1130 quod
402 1088 516 1119 videtur
538 1085 688 1116 interdum
708 1085 764 1116 esse
786 1086 895 1125 brevis,
918 1085 947 1115 id
963 1085 1036 1115 nihil

250 1132 297 1162 est.
340 1131 373 1161 ln
396 1127 556 1161 illiusmodi
580 1128 661 1157 enim
683 1129 755 1158 loeis
771 1126 983 1158 attendendum
998 1125 1036 1155 est

253 1174 289 1204 ad
311 1173 400 1203 craiin
414 1195 422 1210 ‚
452 1181 510 1210 qua
532 1170 590 1198 haee
611 1177 669 1198 vox
691 1169 722 1198 tit
744 1171 832 1200 trium
849 1169 1035 1208 syllabarum.

253 1214 336 1245 Idem
352 1212 569 1245 observandum
584 1209 621 1239 est
638 1211 667 1239 in
677 1214 825 1251 gratuitus.
849 1210 958 1241 Statius
973 1210 1038 1249 qui-

252 1257 322 1287 dem
345 1257 461 1285 tertiam
488 1256 570 1290 hUJUS
599 1252 680 1280 vocis
702 1253 862 1290 corripuit,
891 1259 978 1289 atque
999 1251 1038 1280 ita

254 1298 393 1337 quidem,
416 1304 445 1326 ut
467 1294 631 1325 contractio
653 1302 714 1322 non
736 1293 818 1332 pofiit
841 1293 979 1331 admitti,
1008 1292 1038 1321 in

253 1347 329 1370 noto
345 1338 504 1374 Phalaecio,
527 1338 545 1365 l.
563 1344 574 1364 1
607 1333 710 1364 Silvar.

333 1380 432 1420 Largis
444 1384 608 1420 gratuztum
626 1376 703 1405 cadit
719 1375 831 1417 rapimi.

253 1421 311 1452 Sed
333 1423 381 1451 ille
392 1411 497 1451 ‘multa
520 1418 567 1448 fibi
590 1417 716 1455 permilit
730 1441 739 1455 ‚
767 1427 830 1456 quae
852 1426 915 1447 non
930 1421 1040 1445 temere

254 1464 377 1502 reperias
400 1463 428 1491 in
452 1461 556 1499 optimi
579 1459 631 1488 aevi
662 1458 763 1496 po'e'tis.
809 1457 923 1488 Melius
960 1456 1041 1487 idem

255 1504 385 1534 Baudius
400 1503 560 1540 Jambicor.
576 1502 595 1530 I.
611 1509 626 1540 3
647 1499 682 1529 ad
697 1499 851 1537 joannem
866 1499 1040 1530 Hotoman-

257 1555 346 1576 num:

337 1585 451 1616 Laudes
460 1582 637 1625 profundunt
647 1584 802 1621 gratuitas,
815 1581 869 1620 sed
883 1592 971 1611 meras

337 1626 460 1657 Laudes.

256 1668 328 1699 vid.
343 1667 407 1706 Jan.
431 1664 525 1696 Dous
542 1663 660 1693 Praecid.
681 1663 716 1693 ad
738 1662 856 1693 Petron.
873 1665 893 1693 1,
907 1674 933 1694 2.
949 1674 973 1694 c.
993 1663 1038 1693 16.

258 1710 455 1740 Torrentium
477 1706 504 1736 ὃ(
519 1705 688 1743 Cruquiuin
704 1705 739 1734 ad
756 1712 959 1735 memoratum
975 1705 1042 1735 Ho-

258 1753 321 1782 ratii
338 1754 439 1781 locum
455 1773 463 1786 7
490 1748 517 1777 ἃ
534 1746 656 1777 Ger-ard.
678 1745 785 1783 joann.
808 1745 946 1777 Voffium
961 1747 990 1776 in
1006 1746 1043 1776 de

258 1793 331 1823 Arte
346 1792 484 1822 Gramm*
503 1792 520 1819 l.
536 1798 563 1818 2.
579 1798 640 1826 capr
659 1795 705 1827 37.

298 1835 326 1864 6.
350 1834 376 1863 V
389 1829 644 1866 OLUCR15]1d
660 1828 843 1873 emaquilae..

299 1884 326 1913 7.
350 1873 542 1906 MrsflRAE]
567 1870 713 1908 lnffiustae,
736 1871 853 1901 infeliei-

299 1917 326 1946 8.
351 1916 488 1946 fonfik
501 1924 519 1945 E
542 1915 734 1949 TERRAM]
757 1912 876 1942 Dicitur
891 1910 948 1956 hoe
962 1910 998 1955 de
1013 1921 1043 1941 a-

260 1959 416 1988 nimalibus
437 1965 545 1988 terram
566 1954 657 1985 rostro
679 1962 727 1984 aut
742 1953 862 1992 pedibus
877 1950 1042 1980 effodienti-

260 2000 321 2029 δας.
344 1999 392 2029 Sic
408 2000 455 2029 lib.
474 2008 499 2028 ῐ.
515 1998 571 2028 fab.
589 2004 637 2034 27.
659 1996 798 2026 Humana
812 1993 941 2034 effodiens
955 1991 1020 2039 offiz²

302 2040 533 2079 Quoriinssji
558 2038 684 2067 Brevem
709 2036 763 2066 esse
784 2036 823 2066 ait
844 2033 979 2080 Danetus
1002 2036 1043 2063 le—

260 2082 391 2111 cuudam
415 2083 443 2110 in
466 2082 518 2111 hac
539 2089 614 2108 voce
636 2078 776 2117 syllabam
791 2101 799 2115 ‚
829 2084 857 2106 at
880 2076 1043 2113 aliquando

261 2122 393 2160 produci.
416 2123 486 2152 Hoc
502 2123 570 2150 loco
584 2122 708 2160 longam
722 2118 777 2148 esse
790 2125 867 2157 patet
881 2126 915 2148 ex
929 2116 1045 2147 dimen-

263 2164 356 2194 stone:
380 2164 421 2192 uti
436 2162 462 2192 ὃ(
478 2163 506 2190 iu
522 2162 579 2191 fine
594 2162 641 2190 lib.
660 2170 704 2190 ιν.

345 2205 427 2234 IVam
442 2207 509 2233 vita
524 2205 608 2231 morti
616 2204 728 2242 propior
741 2201 776 2241 est
787 2200 922 2243 quotidie.

265 2244 302 2275 Et
318 2247 366 2275 lib.
384 2255 408 2285 3.
425 2245 480 2275 fab.
496 2242 523 2272 8.
539 2242 610 2272 vers.
630 2253 674 2282 14-

343 2287 491 2331 Quotidi'e,
513 2287 621 2327 inquit,
637 2282 745 2325 speculo
760 2294 809 2313 vos
824 2286 869 2313 uti
882 2282 954 2313 volo.

264 2327 454 2367 Caercruqustr
469 2326 506 2357 est
522 2335 627 2363 anceps
642 2349 650 2364 ‚
672 2332 703 2355 ut
718 2333 794 2363 patet
811 2327 839 2354 in
853 2325 1044 2366 quotidianm‚

265 2379 317 2408 pro
332 2379 393 2409 quo
407 2370 558 2406 Catullus,
580 2374 610 2396 ut
625 2368 754 2406 primam
767 2366 953 2405 produceret,
973 2367 1044 2397 dixit

265 2412 449 2449 cottidianus,
471 2419 563 2441 carm.
579 2418 671 2439 Lxrx.
686 2408 723 2438 ad
738 2407 871 2438 Manum
888 2408 959 2438 vers.
977 2418 1043 2450 139.

346 2453 373 2482 C
375 2454 479 2495 onyugti
491 2455 522 2481 in
536 2450 616 2492 culpa
624 2450 768 2492 flagravit
782 2450 945 2480 cottidiana.

263 2495 324 2526 Hic
337 2494 465 2525 secunda
483 2492 522 2523 est
542 2500 688 2531 correpta,
710 2500 802 2530 quam
815 2490 963 2523 Martialis
978 2492 1043 2521 lon-

1628 971 1880 1054 Magno⁴

1077 1092 1150 1125 gam
1163 1082 1234 1113 facit
1248 1086 1267 1114 l.
1282 1094 1308 1114 x.
1323 1083 1422 1127 Epigr.
1437 1085 1484 1123 65.

1159 1125 1247 1154 Lem
1262 1126 1377 1166 dropace
1392 1134 1424 1156 tu
1440 1125 1610 1168 quotidiano.

1079 1163 1116 1194 Et
1131 1164 1180 1195 lib.
1194 1174 1241 1195 xl.
1258 1165 1311 1205 Ep.
1330 1176 1356 1196 1.

1159 1206 1186 1236 C
1188 1206 1258 1236 ultus·
1263 1207 1381 1246 sindone
1395 1215 1427 1237 tu
1443 1208 1616 1250 quotidiana.

1122 1257 1151 1286 9.
1174 1247 1323 1279 APRUM
1346 1250 1609 1284 msmrosum]
1627 1247 1886 1282 Nesciocurhoe

1081 1290 1230 1326 epitheton
1245 1289 1380 1320 sollicitet
1394 1290 1565 1329 Danetum,
1589 1291 1787 1330 praeferentem
1802 1293 1868 1331 inst-

1082 1330 1187 1368 diofhm
1202 1353 1211 1368 ‚
1241 1340 1312 1362 cum
1333 1331 1431 1362 sermo
1453 1332 1484 1362 fit
1505 1332 1542 1362 de
1556 1333 1606 1362 sue
1618 1334 1753 1364 foemina.
1795 1334 1867 1364 Hoc

1082 1380 1197 1401 nomen
1219 1371 1259 1402 est
1272 1382 1305 1402 ex
1320 1374 1353 1403 iis
1368 1397 1376 1410 ‚
1398 1382 1461 1411 quae
1475 1375 1604 1404 maribus
1619 1374 1647 1404 ὅ(
1662 1374 1793 1405 foeminis
1809 1376 1871 1406 sine

1082 1412 1250 1443 discrimine
1264 1413 1345 1444 sexus
1360 1415 1583 1453 convenientia,
1598 1414 1743 1454 Epicoena
1756 1425 1868 1448 vocan-

1082 1460 1143 1492 tur,
1166 1453 1194 1483 ἃ
1209 1464 1304 1486 unum
1318 1463 1435 1486 tantum
1450 1457 1555 1486 habent
1577 1465 1668 1497 genus
1683 1481 1692 1496 ,
1720 1457 1800 1496 quod
1816 1468 1867 1488 co-

1082 1495 1232 1536 gnoscitur
1246 1506 1279 1527 ex
1293 1499 1395 1539 regula
1409 1497 1445 1527 de
1458 1500 1683 1530 terminatione:
1707 1506 1737 1528 ut
1750 1499 1795 1529 hic
1803 1500 1867 1540 pas-

1074 1537 1138 1575 ser,
1159 1537 1214 1566 laec
1235 1538 1336 1579 vulpu't
1359 1538 1450 1569 Talia
1464 1538 1529 1569 sunt
1543 1539 1640 1578 liberi,
1662 1540 1868 1571 catulm&alia

1082 1580 1184 1608 multa.
1213 1578 1315 1618 Itaque
1334 1580 1370 1610 de
1392 1581 1506 1611 filiabus
1527 1581 1669 1620 dicimus7
1691 1583 1807 1612 Liberos
1820 1593 1867 1611 no-

1072 1619 1159 1658 stros,
1182 1629 1244 1651 non
1257 1622 1371 1661 mstras:
1395 1631 1430 1651 ac
1444 1622 1611 1653 foemellam
1625 1625 1776 1661 catulum,
1792 1634 1868 1665 egre-

1079 1663 1164 1701 gium
1178 1661 1321 1700 catulum,
1345 1672 1406 1692 non
1422 1667 1571 1705 egregiam.
1597 1664 1625 1693 &
1641 1665 1678 1694 fic
1693 1666 1722 1694 in
1738 1665 1811 1694 aliis.

1125 1702 1243 1740 QUI-:R
1253 1710 1269 1731 c
1280 1705 1355 1740 UM]
1379 1703 1518 1743 Elliptica
1543 1707 1638 1736 oratio
1659 1714 1692 1735 ex
1714 1704 1869 1736 consuetu-

1084 1742 1153 1772 dine
1168 1745 1375 1774 metuentium.
1419 1744 1534 1787 Integra
1548 1746 1586 1777 fic
1600 1747 1732 1778 haberet:
1756 1745 1810 1777 Per
1824 1747 1870 1784 id,

1085 1783 1167 1822 quod
1189 1785 1269 1815 vides
1289 1786 1392 1816 fodere
1405 1809 1414 1824 ,
1442 1790 1505 1817 vult
1526 1796 1661 1818 evertere.
1685 1789 1714 1818 id
1735 1787 1788 1826 cst⁷
1811 1790 1869 1818 hoc

1084 1824 1123 1854 est
1144 1827 1325 1864 propositum
1345 1827 1406 1865 ejus
1428 1830 1560 1868 negotii,
1595 1830 1676 1868 quod
1698 1830 1777 1859 vides
1799 1838 1869 1860 eum

1084 1866 1234 1904 suscepisse
1241 1878 1250 1905 3
1272 1877 1322 1906 per
1342 1877 1409 1899 earn
1428 1868 1586 1901 foffionem
1606 1872 1669 1900 vult
1684 1879 1825 1908 quercum
1840 1879 1869 1899 e-

1084 1913 1202 1937 vertere.

1130 1957 1175 1978 10.
1199 1947 1240 1979 IN
1268 1951 1422 1985 PLA-No]
1453 1950 1551 1981 Humi
1585 1950 1730 1989 dejectam
1765 1961 1869 1994 proge-

1086 1990 1176 2020 niem.
1199 1988 1287 2020 Nam
1301 1993 1332 2019 in
1340 1989 1425 2031 plano
1441 1991 1495 2030 est,
1517 1993 1548 2022 in
1562 1991 1637 2022 solo.

1127 2029 1150 2060 P
1158 2039 1179 2060 R
1189 2040 1208 2060 o
1217 2040 1235 2060 G
1245 2040 1263 2061 E
1272 2042 1291 2062 N
1300 2041 1309 2062 1
1317 2040 1334 2061 E
1343 2034 1389 2069 M]
1412 2032 1533 2063 Poetum
1543 2057 1551 2072 ‚
1573 2036 1687 2065 catulos
1695 2059 1702 2073 ‚
1725 2037 1831 2074 pullos.

1130 2082 1142 2102 1
1152 2082 1175 2102 1.
1199 2071 1280 2103 Off
1292 2083 1314 2103 U
1324 2080 1369 2103 So
1382 2077 1389 2109 ]
1413 2074 1513 2106 Verba
1528 2077 1587 2105 liaec
1602 2085 1664 2106 nou
1680 2077 1769 2107 felem
1785 2076 1870 2116 respi-

1086 2115 1183 2152 ciunt,
1206 2113 1252 2144 sed
1268 2115 1415 2154 aquilam,
1437 2123 1468 2146 ut
1483 2117 1513 2147 fit
1528 2116 1639 2148 sensus:
1663 2117 1821 2157 Postquam
1830 2119 1870 2150 ita

1086 2154 1170 2185 Feles
1186 2155 1301 2194 Aquila:
1323 2155 1468 2188 offudisset
1490 2166 1631 2189 terrorem
1646 2182 1654 2197 ⁷
1676 2159 1794 2199 ejusque
1807 2169 1870 2198 per-

1087 2196 1220 2228 turbasset
1234 2197 1347 2236 sensus,
1368 2199 1476 2239 derepit
1492 2200 1546 2230 &o
1569 2199 1719 2241 Offundere
1734 2209 1870 2231 terrorem

1087 2238 1295 2279 elegantiffime
1309 2239 1446 2272 dicuntur
1459 2265 1468 2281 ,
1490 2243 1540 2281 qui
1555 2251 1588 2272 ex
1603 2242 1765 2282 improviso
1780 2250 1869 2274 terro-

1085 2290 1148 2311 rem
1163 2282 1313 2352 inffgntem
1328 2281 1460 2314 afferunt.

1129 2333 1175 2354 12.
1237 2329 1403 2363 EREP1T]
1434 2325 1506 2356 Inde
1525 2327 1597 2365 repit
1619 2326 1656 2357 ab
1670 2326 1770 2365 aquila
1784 2326 1868 2356 deor-

1084 2364 1158 2395 sum.
1182 2363 1232 2394 Sic
1245 2365 1357 2406 degredi
1371 2375 1423 2404 pro
1437 2368 1612 2399 descendere
1626 2370 1739 2399 dicitur.

1127 2405 1303 2443 CUBth-j]
1338 2406 1441 2440 Cubile
1470 2409 1508 2440 est
1529 2420 1583 2450 pro
1606 2409 1702 2441 lustro.
1745 2407 1795 2451 Sic
1817 2409 1866 2439 lib.

1087 2458 1113 2480 1.
1131 2457 1176 2488 19.

1341 2489 1485 2533 flagitare
1499 2492 1629 2524 validius

1761 2531 1866 2564 Cubile
