2007 2771
561 77 871 142 V1TA
956 73 1428 138 PHAEDRI

191 187 269 232 Sed
291 189 368 231 hoc
388 189 476 234 aliu
512 186 681 240 amplius
702 181 977 226 observatione
997 178 1188 235 dignum,
1224 177 1334 234 quod
1353 179 1395 219 in
1424 188 1562 220 monte
1580 177 1714 222 Pierio
1739 182 1798 224 vi-

191 258 328 299 deatur
345 258 494 300 editus,
531 268 651 310 quem
673 253 826 307 antiqui
844 248 972 292 sedem
992 260 1111 303 atque
1129 247 1377 290 domicilium
1399 245 1598 288 Musarum
1623 248 1799 292 credide-

193 340 244 367 re.
315 327 375 368 Ita
394 338 585 378 namque,
622 322 730 362 dicto
752 322 864 362 loco:

511 415 617 470 Ego,
645 427 751 470 quem
769 413 903 453 Pierio
923 419 1042 450 mater
1061 412 1176 450 enixa
1194 409 1242 463 cst
1248 410 1370 466 jugo,

510 487 557 526 In
573 499 644 541 quo
661 483 811 524 tonanti
817 479 957 536 sancia
975 477 1210 532 llInemosyne
1228 478 1332 531 Jovi

513 550 698 592 Foecunda
716 553 850 592 novies
868 551 1027 591 Artium
1035 549 1185 603 peperit
1203 548 1362 589 chorum.

195 646 320 687 Vides
342 645 450 686 fimul
465 672 475 690 ‚
512 647 554 686 in
577 645 653 685 hoc
674 656 812 684 monte
835 641 967 682 Musas
983 642 1135 696 genitas
1159 640 1308 695 putasse
1327 639 1436 681 olim.
1492 638 1618 680 Unde
1638 653 1800 696 quoquc

196 726 286 754 nata
310 715 365 754 est
390 715 555 768 opinio,
591 712 701 767 quod
730 712 787 752 ibi
818 722 1123 752 commorentur.
1196 709 1337 750 Strabo
1367 709 1433 749 lib.
1453 708 1505 749 X.
1543 711 1588 752 A
1602 712 1800 753 cantilena

196 779 245 827 a&
266 787 456 828 numeris,
492 782 539 830 ἄν
555 783 809 838 instrumentis
825 807 836 825 2
871 777 918 825 ὠ
940 775 1132 819 Thracica
1155 780 1274 819 omnis
1297 778 1467 822 Malea,
1503 775 1738 831 &Astatica
1754 781 1801 831 fit

196 855 337 908 magni.
405 852 525 908 Qtod
543 866 591 892 ex
608 868 649 892 eo
666 851 808 906 liquet,
843 850 934 905 quia
955 846 1011 888 ibi
1030 847 1112 888 loca
1121 845 1244 899 sant,
1281 849 1322 887 in
1352 846 1487 903 quibus
1506 846 1617 886 velut
1637 847 1800 898 sedibus

193 918 271 964 fitis
290 920 413 974 illusae
432 922 501 976 effi?
515 923 707 962 dicuntur.
777 918 889 959 Nam
907 917 1070 960 Pieria,
1105 915 1266 971 ‘Pimpla
1280 940 1290 960 ‚
1329 914 1561 957 Libethrum
1577 914 1666 955 olim
1680 913 1805 958 Thra-

198 990 267 1028 ciae
275 991 393 1044 fuere
414 1000 560 1031 montes
582 986 834 1044 regionesque.
908 985 970 1024 Sic
998 983 1103 1023 hunc
1134 983 1266 1023 locum
1297 995 1431 1028 verto,
1468 996 1585 1038 quem
1606 982 1805 1026 obscurius

198 1057 385 1098 nonnihil
407 1057 663 1098 casaubonus
681 1052 891 1095 reddidiffe
910 1051 1076 1093 videtur.
1107 1049 1197 1103 Jam
1215 1053 1307 1105 quia
1327 1051 1448 1092 Musae
1465 1052 1605 1093 artium
1623 1054 1804 1096 omnium

198 1139 243 1166 ac
261 1125 460 1167 literarum
481 1125 562 1168 deae
577 1152 587 1171 ‚
626 1124 715 1179 post
733 1122 907 1177 superius
926 1120 1043 1161 allata
1060 1121 1178 1163 verba
1196 1120 1381 1162 Phaedrus
1401 1119 1561 1172 subjecit
1574 1145 1586 1164 ‚
1614 1130 1748 1162 natum
1756 1124 1806 1177 fi'

197 1196 239 1234 in
268 1194 350 1251 ipsa
369 1206 486 1251 prope
501 1195 652 1249 schola.
722 1194 908 1233 Parentes
936 1203 1037 1243 quos
1068 1189 1269 1234 habuerit,
1307 1188 1411 1228 haud
1428 1188 1590 1228 constat.
1660 1189 1806 1231 Saltem

175 1264 390 1316 ‘quoniam
410 1265 451 1304 in
475 1263 647 1304 Thracia
673 1260 799 1301 editus
819 1286 831 1305 ‚
866 1259 1005 1298 Thrax
1033 1257 1115 1312 ipse
1146 1259 1243 1303 fuit,
1280 1257 1444 1298 minime
1470 1255 1618 1297 servilis
1638 1258 1807 1300 extitisse

198 1330 445 1372 conditionis
466 1332 571 1372 credi
591 1330 750 1385 possunt
764 1352 775 1371 2
812 1342 855 1369 ac
877 1325 927 1366 s1c
947 1326 1032 1367 casu
1056 1327 1213 1381 potius,
1250 1340 1369 1380 quam
1386 1324 1568 1367 nascendi
1591 1324 1713 1371 sorte,
1754 1327 1810 1368 fa-

198 1401 283 1441 stus
305 1400 382 1442 esse
406 1400 555 1446 servus,
594 1412 723 1452 neque
747 1411 835 1438 cum
856 1396 898 1436 P.
917 1396 1074 1437 Pithaeo
1086 1422 1098 1441 ,
1131 1396 1353 1438 libertinum
1374 1395 1537 1451 Augusti
1557 1419 1568 1438 ‚
1606 1392 1669 1434 sed
1694 1396 1809 1437 liber-

200 1480 280 1511 tum
311 1469 502 1524 appellari
529 1480 726 1524 oportere.
798 1466 1000 1506 Caeterum
1032 1466 1121 1518 quis
1151 1465 1217 1506 ille
1249 1462 1355 1504 casus
1387 1462 1504 1503 fuerit
1524 1488 1535 1507 ,
1573 1464 1722 1504 nemini
1752 1464 1808 1505 est

199 1551 432 1594 promptum
452 1537 591 1578 dicere.
663 1535 753 1576 Nisi
774 1533 855 1576 fors
877 1535 965 1589 quis
983 1532 1162 1575 divinare
1197 1533 1296 1574 velit
1325 1546 1372 1572 ex
1393 1532 1586 1573 Suetonio
1601 1557 1612 1576 ,
1649 1532 1810 1585 quando

199 1605 250 1647 de
271 1608 434 1649 Octavii
457 1606 621 1660 Augusti
643 1616 754 1660 patre
779 1603 910 1644 scribit
938 1615 1020 1656 cap.
1050 1617 1086 1657 3.
1109 1602 1238 1657 Beffos
1259 1615 1306 1641 ac
1330 1601 1506 1642 Thracas
1525 1614 1661 1656 magno
1676 1602 1811 1656 praelio

188 1676 348 1732 fudiffe.
416 1674 555 1716 Potuit
584 1674 771 1716 nimirum
800 1672 970 1713 evenisse
1001 1683 1109 1715 tum,
1147 1682 1190 1710 ut
1220 1683 1309 1709 cum
1329 1669 1414 1709 aliis
1439 1670 1618 1723 captivus
1636 1669 1813 1711 Romam

199 1747 419 1786 duceretur.
493 1742 619 1790 Quod
649 1743 675 1783 si
708 1742 796 1796 quis
825 1740 1019 1785 admittit,
1058 1740 1226 1793 primam
1245 1737 1402 1779 Phaedri
1430 1736 1466 1778 se
1491 1735 1700 1778 extendere
1721 1750 1811 1778 aeta-

201 1829 281 1857 tem
301 1814 349 1854 ad
363 1812 512 1868 Julium
535 1811 682 1852 necesse
702 1811 781 1855 est,
818 1809 978 1863 quando
997 1820 1258 1849 memoratum
1281 1807 1428 1847 bellum
1459 1806 1608 1860 gestum
1638 1820 1687 1847 eo
1712 1818 1812 1847 tem-

201 1898 320 1940 pore,
360 1896 441 1936 quo
462 1881 590 1921 Caesar
610 1879 711 1922 solus
729 1878 841 1934 gessit
858 1877 1101 1919 consulatum
1129 1895 1141 1922 3
1175 1888 1294 1929 atque
1326 1875 1553 1928 QCicero
1587 1874 1712 1913 Asiam
1744 1874 1811 1912 ad-

200 1950 444 1992 ministravit.
515 1950 607 1990 Nec
626 1947 781 1989 fortasse
812 1947 979 1987 multum
1006 1944 1134 1985 obstat
1165 1944 1258 1985 huic
1284 1943 1506 1988 sementim,
1543 1956 1630 1982 cum
1654 1941 1810 1997 praeser-

201 2022 273 2061 tim
294 2019 500 2060 senectutis
519 2018 592 2058 suae
613 2017 749 2073 passim
776 2015 962 2056 Phaedrus
978 2013 1060 2068 ipse
1079 2015 1323 2053 mentionem
1344 2012 1458 2052 faciat
1479 2012 1723 2065 temporibus
1741 2010 1809 2051 Se-

198 2089 293 2142 jani.
363 2087 571 2142 Ingenium
606 2085 762 2126 videtur
800 2083 974 2125 habuisse
1010 2083 1221 2137 probitatis
1253 2093 1371 2135 atque
1410 2080 1625 2122 honestatis
1652 2093 1807 2124 amans,

199 2154 489 2208 ostenduntque
516 2167 578 2196 tot
605 2154 772 2210 egregiae
802 2152 1001 2193 sententia:
1025 2177 1036 2195 ‚
1073 2164 1159 2204 qua:
1190 2152 1232 2190 in
1263 2151 1341 2192 hoc
1371 2149 1562 2204 opusculo
1587 2159 1808 2190 occurrunt.

202 2223 400 2278 Qinimo
422 2228 461 2263 ὃς
484 2223 582 2263 alios
596 2222 706 2275 juxta
725 2222 850 2262 secum
869 2220 919 2262 ad
938 2220 1094 2261 virtutis
1113 2220 1259 2260 cultum
1276 2220 1439 2259 incitare
1463 2217 1607 2258 studuit
1628 2243 1640 2262 ,
1677 2229 1721 2258 ut
1738 2232 1807 2272 pa-

200 2294 277 2333 lam
306 2293 348 2331 in
377 2290 529 2331 Praefat.
567 2291 635 2331 lib.
667 2290 729 2330 11.
764 2289 947 2332 ostendit.
1017 2288 1194 2329 Pertinet
1216 2288 1292 2329 huc
1310 2300 1499 2342 quoque,
1535 2285 1645 2340 quod
1667 2285 1808 2328 eodem

200 2360 303 2401 '‘bro
325 2360 443 2401 habet
459 2358 508 2400 de
525 2358 771 2400 ardelionum
791 2360 953 2401 natione
965 2383 979 2404 ‚
1014 2356 1142 2400 multo
1160 2357 1295 2398 labore
1313 2356 1416 2398 nihil
1435 2366 1597 2412 agente:

506 2458 625 2501 Hanc
639 2459 852 2508 emendare,
877 2458 909 2512 si
921 2469 1049 2501 tamen
1056 2455 1222 2512 poffum,
1248 2457 1345 2498 volo.

1717 2528 1763 2570 N
1767 2543 1811 2571 ec
