2007 2771
583 118 1369 186 INDEX

194 226 382 267 Reducere
391 234 462 278 pro
481 222 728 264 introducere.
898 233 973 274 147

195 281 350 334 Referre
362 281 492 333 pedem
511 287 609 318 retro
623 286 691 330 pro
708 274 881 316 recedere.
925 279 975 328 38
1371 272 1404 312 S.

195 335 348 389 Referre
367 334 513 389 aliquid
528 333 581 373 ad
593 334 765 372 animum.
921 333 971 371 88

195 391 359 444 Reficere
377 393 493 429 vires.
920 393 971 426 60
1092 385 1303 439 Acrificii's,
1332 384 1653 440 quadrisyllabum,
1721 396 1794 437 154

196 445 357 499 Regales
372 456 463 497 opes.
924 453 968 492 31
1120 442 1359 495 Sacrilegium
1379 441 1481 494 quid.
1719 452 1799 492 104

197 501 368 557 Rejicere
382 499 541 553 aliquem
554 507 627 550 pro
646 498 680 536 ei
696 494 845 549 aliquid
866 506 976 549 nega-
1019 497 1173 536 Sacrum
1180 507 1252 551 pro
1259 496 1457 549 sacrificio,
1722 507 1799 547 105

252 569 300 594 re.
926 553 975 603 38
1021 549 1091 591 Sal
1093 561 1165 605 pro
1182 565 1221 591 re
1233 551 1366 604 jocosa.
1724 562 1795 601 141

198 610 369 664 Rey'icere
386 607 531 660 vestem.
901 610 980 657 136
1020 605 1129 646 Salix
1146 606 1258 646 lenta.
1749 609 1775 644 6
1781 596 1818 656 ς’

199 663 348 717 Relgio
361 663 412 702 xde
431 663 533 702 Deo.
902 672 980 711 104
1024 660 1154 701 Saltm
1163 671 1235 715 pro
1254 659 1344 699 locis
1361 661 1555 700 venationi
1571 660 1685 715 aptis,
1775 674 1801 709 9

365 717 411 757 de
419 716 621 769 jndicibus.
929 728 980 767 77
1025 715 1188 756 Sanctus
1195 726 1268 770 pro
1284 716 1484 754 innocente.
1750 726 1799 768 73

366 772 468 827 quid.
932 782 952 822 3
963 783 978 809 1
1026 770 1205 818 Sanctus,
1235 771 1281 810 de
1298 769 1472 810 Hercule.
1727 779 1803 820 139

201 827 385 882 Reliquas
403 826 720 882 qitadriffi‘llabum;
815 829 882 878 63,
907 838 921 864 1
933 829 985 864 26
1027 825 1186 880 Sanguis
1193 835 1267 879 pro
1273 824 1390 878 prole.
1754 834 1801 875 32

202 884 382 936 Reperire
399 882 503 936 qnid.
958 893 978 919 2
1025 880 1181 934 Sapiens
1198 879 1244 920 de
1281 878 1474 933 hilosopho.
1752 889 1806 928 79

201 939 380 990 Reperire
385 938 626 990 servitutem.
929 947 978 988 93
1025 935 1200 983 Sanina,
1255 948 1274 973 e
1277 934 1395 988 foetu.
1758 946 1807 973 10

201 993 640 1045 Repraefhntarepoenam
659 991 700 1029 in
715 991 762 1042 [ἓ.
931 1001 981 1042 73
1026 989 1177 1030 Scilicet
1189 1019 1200 1038 ,
1217 989 1474 1042 confirmantis
1480 985 1685 1045 particula.
1731 999 1805 1042 143

202 1046 483 1101 Reprehendere
509 1056 582 1100 pro
610 1045 797 1085 retrahere
830 1056 850 1083 e
871 1042 985 1098 fuga.
1028 1045 1191 1085 Scribere
1196 1045 1314 1098 picJe.
1752 1055 1807 1094 40

911 1112 987 1150 149
1030 1100 1176 1140 Scurra.
1730 1109 1804 1149 141

203 1155 419 1209 Reprimere
437 1155 543 1195 iram,
934 1167 981 1207 33
1030 1153 1193 1208 Seceffns
1210 1153 1367 1205 verfibiss
1371 1152 1568 1207 faciendis
1587 1161 1709 1207 aptus.
1730 1165 1746 1191 1
1757 1166 1776 1192 2
1786 1166 1808 1205 5

204 1210 379 1263 Reptare.
910 1221 987 1262 135
1029 1208 1165 1249 Sedare
1173 1210 1377 1262 pulverem.
1755 1219 1812 1259 45

206 1264 287 1304 Res
304 1264 406 1305 bonae
422 1265 524 1319 qnid.
911 1276 926 1302 1
937 1277 983 1317 23
1030 1263 1180 1311 Sedere,
1207 1264 1253 1304 de
1256 1263 1468 1318 jndicibus.
1761 1275 1813 1314 14

206 1319 287 1359 Res
293 1329 366 1372 pro
372 1318 520 1371 fabula.
935 1332 988 1372 30
1030 1318 1141 1359 Sedes
1157 1319 1288 1368 arida,
1316 1319 1362 1358 de
1368 1318 1519 1373 palude.
1760 1331 1777 1356 1
1790 1331 1807 1357 1

290 1384 363 1426 pro
380 1373 489 1425 inffta
503 1373 738 1414 auctoritate
938 1385 989 1425 37
1030 1372 1206 1413 Seducere
1222 1373 1324 1426 qnid.
1757 1385 1809 1425 72

207 1428 288 1469 Res
305 1428 377 1467 cibi
385 1439 459 1480 pro
473 1427 561 1466 cibo,
850 1439 888 1480 3,
913 1439 985 1465 102
1030 1426 1186 1480 Sejanus
1203 1427 1368 1466 ‘Phaedro
1387 1429 1570 1466 inimicus.
1761 1438 1811 1477 57

207 1482 290 1522 Res
310 1483 362 1520 est
382 1482 422 1519 in
441 1481 565 1527 vado,
585 1480 838 1532 proverbium.
912 1492 985 1531 103
1031 1480 1129 1518 Sella
1139 1483 1266 1532 prima
1284 1482 1324 1519 in
1342 1492 1450 1518 curru
1477 1479 1580 1533 quid.
1759 1484 1815 1529 65

209 1535 290 1576 Res
297 1534 542 1589 faeminarum
560 1534 660 1587 qnid.
937 1538 990 1582 69
1031 1533 1280 1573 Semianimns
1288 1544 1358 1586 pro
1364 1533 1613 1586 semianimis.
1761 1546 1814 1584 14

209 1590 290 1630 Res
306 1589 400 1644 quid
411 1586 598 1642 fignificet.
939 1600 988 1639 27
1031 1587 1173 1628 Semita
1193 1586 1240 1633 ὠ
1262 1589 1336 1629 Via
1353 1588 1447 1642 qnid
1461 1584 1653 1638 differant.
1761 1600 1812 1640 57

209 1645 290 1685 Res
308 1643 482 1699 quomodo
499 1641 647 1684 dicatur
664 1657 732 1684 nos
737 1644 861 1698 st’qui.
941 1656 989 1683 10
1033 1642 1174 1691 Senex,
1201 1643 1247 1683 de
1265 1645 1448 1697 QAEsbpo.
1479 1655 1543 1696 37,
1562 1646 1629 1689 62,
1649 1643 1715 1691 88,
1737 1645 1813 1684 108

209 1699 338 1752 Reses.
913 1712 928 1738 1
939 1711 958 1751 3
969 1710 991 1748 5
1033 1698 1167 1749 Senstis
1172 1707 1244 1750 pro
1247 1697 1417 1752 jndicio.
1764 1711 1780 1736 1
1789 1711 1810 1737 2

210 1753 447 1807 Respefius,
475 1766 558 1792 vox
576 1751 732 1792 Latina.
914 1765 991 1806 139
1033 1753 1228 1793 Sententia
1236 1752 1472 1808 projitdicia
1757 1764 1810 1804 72

212 1809 410 1862 Respicere
427 1808 529 1849 nihil
533 1819 604 1860 pro
621 1820 757 1846 curare.
937 1819 986 1860 73
1035 1808 1258 1860 Sentirepro
1275 1806 1584 1846 animadvertere.
1763 1818 1812 1856 50

213 1863 440 1902 Retorridns
457 1864 559 1916 quid.
939 1875 987 1911 91
1035 1862 1194 1902 Servare
1205 1872 1278 1915 pro
1295 1860 1495 1915 observare.
1758 1873 1809 1913 73

214 1917 429 1957 Retundere
436 1927 508 1969 pro
525 1915 695 1969 refutare.
918 1931 933 1957 1
943 1928 995 1967 24
1035 1917 1211 1957 Servitus
1219 1927 1290 1969 pro
1297 1918 1426 1969 servo,
1764 1918 1816 1963 56

214 1973 410 2012 Revocare
418 1981 490 2024 pro
507 1973 643 2010 iterum
661 1983 808 2011 vocare.
942 1983 994 2024 30
1036 1971 1176 2011 Servus
1193 1984 1289 2010 nnus
1304 1984 1374 2010 non
1380 1969 1491 2023 facit
1493 1967 1704 2022 familiam.
1763 1971 1814 2020 87

218 2028 329 2075 Rex,
355 2026 400 2066 de
416 2025 519 2065 urbis
536 2025 771 2066 moderatore.
945 2038 994 2074 19
1037 2026 1233 2066 severitas
1239 2024 1400 2079 frontis.
1760 2036 1814 2073 99

343 2080 465 2133 Jovis
482 2089 766 2133 cognomentum,
917 2094 934 2120 1
945 2092 994 2130 55
1036 2081 1251 2121 Sexcenties
1259 2090 1331 2133 pro
1337 2078 1492 2133 pluries.
1736 2090 1752 2116 1
1763 2080 1813 2119 28

346 2135 394 2179 ὅ)
411 2134 566 2174 aliorum
583 2135 740 2175 deornm,
920 2149 935 2176 1
946 2139 997 2184 56
1038 2135 1081 2175 Si
1090 2166 1106 2183 ,
1130 2134 1382 2187 confirmantis
1391 2130 1601 2186 particula,
1738 2145 1754 2171 1
1767 2146 1781 2171 1
1791 2137 1817 2173 6

218 2187 451 2242 Rigorferri
459 2187 656 2241 proferro,
924 2203 992 2231 102
1040 2189 1079 2230 Si
1095 2203 1176 2228 non
1197 2187 1361 2236 fastidis,
1377 2186 1559 2240 formula.
1766 2188 1787 2227 8
1794 2200 1818 2240 3v

217 2242 346 2282 Robur
356 2253 424 2295 pro
440 2243 589 2295 robusto.
947 2245 994 2283 18
1040 2243 1079 2284 Si
1098 2243 1187 2295 quis
1202 2243 1374 2283 manium
1392 2241 1538 2288 sensus,
1555 2239 1736 2293 formula.
1765 2246 1820 2290 96

219 2296 526 2350 Robursaxifiro
535 2298 646 2349 saxo.
922 2311 993 2338 102
1040 2298 1120 2338 Sibi
1138 2311 1218 2337 non
1236 2298 1404 2351 liquere,
1415 2294 1596 2350 formula.
1766 2307 1822 2348 74

220 2351 361 2391 Rotare
380 2354 572 2391 cervicem.
945 2364 1000 2402 94
1042 2352 1104 2391 Sic
1120 2352 1266 2400 valeas,
1284 2351 1464 2405 formula.
1767 2364 1817 2402 91

221 2406 364 2459 Rigire
376 2433 390 2452 ,
416 2420 496 2445 vox
514 2406 664 2446 leonum,
923 2420 939 2446 1
951 2419 998 2459 57
1043 2406 1194 2458 Signum
1211 2408 1251 2446 in
1269 2407 1409 2447 militia
1429 2408 1595 2446 murium.
1769 2407 1823 2455 98

226 2461 306 2501 Rus
315 2470 387 2515 pro
405 2461 522 2501 horto„
948 2465 1002 2511 96
1043 2459 1258 2500 Similitudo
1272 2458 1622 2515 gignitfastidinm,
1777 2461 1826 2511 38

1042 2514 1251 2556 Simonides
1269 2518 1362 2570 quis.
1751 2527 1766 2552 1
1779 2527 1830 2552 20

1707 2566 1838 2609 habuit
