2007 2771
272 72 347 123 78
431 51 916 116 PHAEDRI
999 45 1789 108 FABULARUM

276 156 509 219 Alveos
541 153 785 234 accipite
818 150 886 211 &
917 151 1062 209 ceris
1089 168 1237 232 opus
1268 143 1599 211 infundite,

225 258 364 317 10Ut
392 275 465 314 ex
495 248 697 335 sapore
724 248 918 308 mellis
947 250 1015 310 ὃς
1046 248 1235 306 forma
1274 243 1433 313 favi,

275 355 368 414 De
398 353 526 434 quis
558 368 713 407 nunc
746 347 933 426 agitur
953 392 969 415 ,
1021 343 1219 403 auctor
1256 339 1472 403 horum
1501 362 1779 427 appareat.

273 453 417 510 Fuci
448 443 742 518 recusant,
796 442 1029 526 Apibus
1063 440 1337 501 conditio
1365 442 1569 523 placet.

278 552 457 612 Tunc
482 548 578 608 illa
605 545 783 606 talem
811 540 1035 602 sustu-lit
1058 538 1438 599 sententiam:

275 653 576 734 Apertum
606 644 684 705 est
716 646 848 728 quis
875 661 999 701 non
1026 634 1193 723 poffit
1211 678 1228 703 ,
1280 654 1377 698 aut
1405 641 1536 722 quis
1564 639 1784 705 fecerit.

225 773 267 810 15
282 748 653 832 Qaptopter
673 741 914 825 Apibus
944 736 1204 800 fructum
1231 737 1465 800 restituo
1491 739 1674 803 suum.

357 859 389 897 «Γ
432 844 604 906 Hanc
636 837 1023 926 praeteriiffem
1049 836 1317 899 fabulam
1347 836 1608 915 filenti0‚

279 947 336 1006 Si
372 943 609 1028 pactam
637 940 781 1000 Fuci
807 958 929 998 non
957 933 1300 998 recusaflent
1323 936 1529 999 fidem.

317 1068 345 1099 9.
368 1057 425 1090 AL
434 1068 452 1089 v
461 1066 479 1087 F.
490 1066 510 1086 0
519 1056 555 1091 s]
578 1054 748 1085 Domicilia
764 1062 863 1091 apum.
1150 1060 1196 1092 13.
1219 1050 1251 1081 T
1260 1059 1335 1082 UNc
1358 1061 1394 1083 [L
1404 1054 1474 1089 LA]
1497 1051 1543 1083 Sc.
1560 1052 1666 1093 Vespa.
1696 1053 1746 1084 Sic
1760 1054 1818 1086 fcre
1833 1056 1888 1086 1.1.

317 1100 447 1136 Opus]
471 1098 525 1128 Per
547 1104 605 1138 opus
626 1097 685 1126 mel
708 1095 843 1135 intelligit
858 1117 866 1132 ‚
889 1092 916 1123 &
931 1102 980 1132 per
994 1103 1066 1122 ceras
1106 1093 1126 1124 f.
1143 1102 1191 1123 10,

276 1143 372 1174 mellis
389 1140 583 1180 receptacula.
1188 1134 1312 1176 Uterque
1326 1134 1437 1173 caufizm
1453 1146 1518 1165 cum
1525 1136 1692 1177 peroraffl’nt
1698 1137 1802 1176 suam,

322 1193 333 1213 1
343 1193 368 1213 1.
392 1183 421 1213 A
431 1190 479 1213 uc
489 1190 506 1210 τ
518 1190 538 1210 o
548 1181 589 1216 R]
613 1177 656 1208 Ita
670 1178 754 1208 debet
768 1176 852 1207 scribi
867 1177 925 1206 hoc
934 1175 1063 1206 vocabu·
1187 1173 1302 1215 Dixzſj}
1309 1176 1406 1212 fertur
1420 1175 1522 1205 Simius
1529 1178 1712 1216 sententiam.

277 1225 400 1262 bulum,
423 1233 486 1254 non
501 1229 598 1258 autor,
619 1221 667 1249 vel
681 1219 781 1249 author
795 1241 803 1256 ‚
825 1224 863 1264 ¹ut
877 1218 1008 1263 plerique
1023 1216 1064 1247 fa·
1151 1226 1198 1256 14.
1221 1216 1300 1246 Api:
1310 1224 1331 1246 R
1341 1224 1360 1246 T
1370 1225 1425 1248 υΜ
1447 1222 1539 1256 EST]
1583 1217 1651 1256 Jam
1672 1225 1749 1257 patet
1763 1242 1772 1258 ,
1816 1228 1888 1250 con-

278 1267 369 1295 ciunt.
394 1263 569 1302 Diciturquc
583 1260 680 1290 audior
694 1260 809 1298 proprie
824 1268 846 1288 is
857 1281 865 1296 ‚
890 1268 939 1297 qui
954 1259 1065 1296 primus
1108 1256 1168 1288 stat.

279 1305 392 1345 aliquid
407 1306 533 1342 invenit,
556 1301 690 1338 instituit,
713 1299 741 1330 ἃ
756 1300 840 1337 feci13
862 1301 912 1338 qui
928 1299 1066 1329 conditor
1153 1306 1198 1335 15.
1223 1298 1398 1334 Aprnus]
1421 1298 1587 1338 Tanquam
1600 1301 1675 1331 veris
1690 1301 1866 1332 auetoribus.

279 1348 307 1378 ἃ
323 1347 401 1386 quasi
425 1355 528 1385 parens
550 1343 588 1374 est
611 1344 734 1380 alicujus
749 1342 804 1379 tei,
827 1350 844 1370 a
860 1341 950 1371 verbo
964 1350 1065 1386 augeo,
1151 1347 1197 1377 17.
1220 1338 1340 1376 Fuci]
1364 1339 1444 1370 Vani
1458 1342 1612 1381 homines,
1634 1344 1684 1380 qui
1698 1343 1796 1375 versus
1809 1352 1895 1374 meos

279 1389 360 1428 quod
376 1387 404 1417 ἃ
420 1388 516 1426 ipsum
532 1395 629 1415 creare
642 1383 670 1412 δε
685 1383 798 1413 efficere
814 1388 912 1419 notat;
935 1390 995 1419 quo
1003 1382 1066 1411 len-
1109 1380 1158 1410 fibi
1178 1379 1376 1410 vindicarunt.
1420 1381 1490 1411 Vid.
1513 1380 1538 1410 F
1541 1384 1751 1414 reinshemium
1767 1384 1802 1414 ad
1819 1385 1895 1414 hanc

277 1431 311 1459 su
328 1429 394 1459 usus
409 1429 447 1459 est
461 1428 617 1459 Lucretius
632 1424 660 1454 ἂ
675 1425 733 1455 alii.
757 1422 827 1454 Vid.
842 1422 939 1453 Vorst.
955 1422 991 1452 de
1005 1420 1066 1452 La·
1108 1421 1243 1451 fabulam
1256 1421 1292 1451 de
1306 1422 1430 1452 vcrfibus
1444 1421 1579 1463 Virgilii,
1602 1433 1676 1463 quos
1690 1425 1773 1456 fucus
1786 1426 1894 1464 aliquis

279 1471 331 1504 tin.
345 1471 454 1501 merito
470 1469 543 1508 susp.
558 1478 583 1498 c.
600 1475 647 1505 25.
1109 1462 1158 1492 fibi
1173 1470 1367 1504 arrogaverat.

611 1627 675 1707 F
791 1627 869 1707 A
986 1627 1068 1705 B.
1217 1624 1550 1708 XIV.

526 1772 1640 1818 AESOPUSLUDENS.

286 1881 695 1996 PUERORUM
726 1882 788 1939 in
825 1878 996 1939 turba
1025 1874 1277 1960 quidam
1315 1875 1624 1937 ludentem
1651 1879 1888 1945 Atticus

387 1980 681 2065 AEsopum
708 1976 959 2039 nucibus
991 1998 1182 2062 quum
1210 1975 1478 2044 vidiffet,
1522 1976 1757 2047 restitit,

287 2077 366 2138 Et
394 2078 551 2162 quasi
575 2077 830 2141 delirum
859 2074 988 2138 risit.
1041 2072 1227 2162 Qod
1252 2073 1420 2137 ssnfit
1446 2074 1618 2139 simul

1655 2170 1894 2238 Derisor

817 2276 848 2307 A
886 2275 923 2308 D
988 2275 1015 2307 F
1055 2276 1087 2308 A
1127 2274 1162 2307 B.
1231 2274 1264 2306 X
1292 2273 1371 2305 IV.

334 2340 358 2361 τ.
381 2329 574 2370 Quinam]
604 2329 653 2361 Sic
680 2331 874 2370 loquebantur
893 2332 930 2363 de
951 2332 1068 2373 ignotis.
1152 2339 1179 2360 2.
1201 2327 1424 2367 REsririr]
1446 2328 1583 2360 Substitit.
1607 2327 1656 2359 Sic
1669 2327 1729 2368 sup.
1744 2330 1763 2359 l.
1782 2328 1832 2359 nsi
1843 2338 1888 2360 12.

291 2371 328 2402 C.
349 2372 455 2412 Nepos
476 2371 618 2403 Pausania
633 2396 641 2411 ,
669 2372 789 2404 Interim
809 2372 931 2415 Argilius
950 2374 1068 2417 quidam
1153 2380 1180 2411 3.
1202 2370 1349 2407 simui]
1371 2371 1518 2403 Simulac:
1541 2378 1573 2402 ut
1586 2371 1661 2401 infra
1676 2372 1729 2410 l.3.
1743 2369 1762 2400 f.
1780 2370 1888 2409 16,1.4.

289 2414 345 2446 dcc.
1108 2412 1136 2444 8.
1152 2412 1181 2442 &
1197 2422 1244 2452 14·
1258 2414 1306 2444 lib.
1321 2423 1347 2451 5.
1363 2422 1388 2453 ς.
1405 2413 1468 2452 &7.
1483 2415 1620 2452 exemplo
1634 2411 1802 2450 Ciceronis,
1823 2410 1890 2442 Ho-

327 2455 534 2492 Arncus]
558 2454 649 2487 Unus
669 2463 701 2486 ex
717 2455 950 2489 Athenienfibus.
1108 2455 1188 2494 tatii,
1209 2455 1397 2496 aliorumque
1411 2457 1519 2496 optimi
1533 2456 1585 2486 τινὶ
1600 2454 1794 2492 Scriptorum.
1817 2491 1850 2523 D
