2007 2771
256 81 369 131 152

461 55 928 127 PHAEDRI
1009 55 1762 120 FABULARUM

254 157 443 243 Qod
487 156 707 221 fuimus
742 158 943 221 ‚laudas
969 206 988 233 ‚
1050 163 1166 235 jam
1206 158 1452 221 damnas
1497 159 1667 243 quod
1719 182 1846 221 non

419 240 629 304 sumus,

198 366 244 393 10
332 343 365 391 ³1
406 340 544 402 Hoc
573 362 707 406 cur,
751 337 1010 416 Philete,
1049 337 1403 424 scripserim,
1432 341 1631 426 pulcre
1659 341 1843 405 vides..

559 472 1134 514 EXPLICIT
1216 472 1402 512 LIB.
1469 473 1517 514 V.

289 618 318 650 9.
340 610 462 651 QUOD
490 617 569 640 NON
597 609 754 649 sumus]
788 607 926 639 Damnas
953 610 1034 648 quod

249 660 313 684 non
328 651 416 682 fimus
429 651 564 689 amplius.
588 650 606 680 i.
620 659 645 680 e.
667 649 761 691 AEgre
774 649 830 679 fers
843 673 853 689 ,
874 650 955 688 quod
970 660 1033 682 non

250 692 363 732 semper
378 692 554 723 retineamus
568 715 577 729 ,
598 690 626 721 &
640 691 677 721 fic
691 693 858 722 etiamnum
873 692 1033 722 habeamus

250 734 315 764 illas
328 735 419 772 vires,
441 741 512 772 quas
527 733 682 764 habuimus
697 734 783 763 olim.
804 730 849 764 Ex
863 732 1033 771 conjefi‘mra

250 774 363 807 Heinfii
379 774 435 816 legi
450 773 550 814 poflst,

329 817 417 860 Qod
418 816 550 855 fuimus,
570 815 733 854 lauda,non
745 816 866 854 damna,
887 815 962 858 quod
962 815 1034 858 jam

406 857 516 896 sumus.

252 900 317 938 vel,

332 939 536 984 Qodfuimus
548 938 733 978 laudas‚dum
747 939 865 971 damna
873 938 948 981 quod
959 950 1034 970 nunc

409 982 521 1019 sumus.

250 1021 389 1054 Barthius
403 1020 526 1054 Advers.
541 1022 559 1052 1.
572 1031 622 1062 44.
636 1029 661 1052 c.
676 1021 705 1052 6.
720 1021 802 1062 legit,

1158 607 1242 651 Quod
1250 607 1366 645 fuimus
1385 605 1478 638 laudas
1493 607 1504 638 3
1524 609 1594 653 jam
1615 610 1767 642 dedamnas
1780 612 1855 655 quod

1228 649 1338 687 sumus.

1075 688 1119 720 Ita
1133 689 1182 720 ille
1191 711 1200 726 ,
1221 689 1270 719 sed
1283 699 1346 720 non
1361 688 1478 719 favente
1491 688 1592 721 Delio.

1118 740 1164 761 10.
1192 729 1277 760 Hoc
1313 738 1392 761 cun
1407 753 1416 768 ‚
1450 730 1626 763 ΡΗηετε
1640 756 1648 771 ,
1683 742 1853 766 scn1ps13-

1074 780 1096 802 R
1106 782 1114 804 1
1118 772 1171 845 ἒιὲ
1201 770 1252 801 Sic
1265 771 1386 803 fabellas
1407 772 1569 812 aliquando
1590 774 1655 804 finit
1669 774 1780 806 εωᾶοτ.
1802 777 1850 808 lib.

1098 835 1103 841 .
1131 823 1148 845 a
1171 836 1177 842 .
1202 822 1247 845 12.

1077 823 1093 855 3
1157 854 1219 886 Hoc
1233 853 1287 885 illis
1299 865 1398 893 narro,
1420 857 1470 897 qui
1483 865 1528 885 me
1540 865 1594 886 non
1608 856 1779 899 intellugunt.

1075 893 1113 927 Et
1128 895 1216 934 ejusd.
1231 896 1294 925 libr.
1308 896 1366 926 fizb.
1383 905 1410 926 1.

1155 937 1218 967 Hoc
1230 947 1282 979 quo
1287 940 1448 978 pertineat,
1469 936 1544 967 dicet
1556 941 1606 980 qui
1619 949 1664 969 me
1677 950 1710 969 no
1715 944 1797 972 verit„

1076 976 1151 1008 Vult
1165 977 1194 1008 se
1208 978 1343 1008 excusare
1357 977 1472 1009 Phileto
1485 1001 1495 1016 ‚
1523 981 1603 1018 quod
1625 989 1687 1011 non
1702 990 1736 1013 ea
1750 981 1853 1015 scribat

1076 1019 1226 1050 alacritate
1238 1018 1341 1058 senex,
1362 1028 1421 1057 qua
1434 1019 1540 1058 scripsit
1554 1023 1630 1055 olim
1642 1046 1651 1062 ‚
1674 1031 1745 1055 cum
1758 1024 1854 1056 adhuc

1078 1068 1159 1095 atate
1173 1060 1338 1103 viribusque
1352 1060 1419 1093 efflet
1434 1062 1559 1104 integris.
