2007 2771
308 93 659 160 LIBRI
714 94 838 157 IV.
917 95 1408 161 FABULA
1470 104 1594 162 VI.
1684 128 1751 174 99

153 192 510 258 Periclitatur
542 192 897 273 magnitudo
928 194 1262 275 principum
1281 235 1297 261 ,

149 293 385 353 Minuta
413 292 610 375 plebes
639 286 803 351 facili
831 288 1097 375 praefidio
1134 290 1285 351 latet.

192 426 236 446 12.
260 416 306 448 Ρε
316 425 337 446 R
347 426 355 446 1
364 424 381 445 c
393 425 410 446 r
420 426 428 445 1
438 424 456 444 T
466 423 489 445 A
498 424 516 445 τ
526 425 549 446 U
558 423 579 444 R
598 414 610 449 ]
653 413 811 445 periclitari
833 413 927 444 solent
1013 423 1060 455 13.
1083 413 1105 444 P
1115 424 1133 445 L
1142 423 1211 446 EBE
1222 417 1259 453 s]
1288 413 1381 445 Plebs.
1417 415 1557 448 Occurrit
1576 420 1635 451 liaec
1649 430 1707 453 vox
1721 433 1749 454 a·

146 457 287 496 principes
302 465 417 495 propter
432 456 515 486 suam
532 456 780 496 magnitudinem.
815 455 927 487 Similis
969 455 1028 494 pud
1051 457 1182 495 optimos
1201 457 1374 495 scriptores:
1412 457 1459 489 sed
1482 461 1586 491 dicitur
1607 462 1634 492 &
1647 463 1748 504 plebss,

146 497 205 528 fere
218 497 357 529 sententia
370 498 423 527 fuit
437 497 521 536 supra
537 499 584 526 lib.
604 506 631 527 2⁴
647 497 706 527 fab.
723 505 750 534 7.
970 496 1076 527 eodem
1094 506 1200 537 nempe
1214 498 1326 537 modo,
1348 505 1378 528 ut
1392 499 1527 541 vulpes&
1540 503 1648 544 vulpzk,
1665 515 1749 546 grucr

368 535 443 568 Tuta
459 539 494 578 est
508 538 654 568 hominum
668 542 796 569 tenuitas.
966 537 995 568 &
1005 539 1090 579 grah.

222 577 339 620 Alagnae
346 580 453 620 periclo
461 581 530 619 sum:
545 587 604 620 opes
618 580 749 609 olmoxtae.
1008 579 1088 611 FAC
1098 579 1172 615 ιιι]
1197 580 1277 620 Quia
1291 580 1379 611 facile
1393 583 1554 620 praefidium
1569 586 1689 624 aliquod
1705 587 1749 617 in-

143 618 298 650 Contraria
313 627 411 651 tamen
428 623 495 651 huic
509 621 637 660 praesenti
653 620 692 651 est
708 622 757 651 lib.
769 631 792 651 1.
809 620 866 651 fab.
877 629 923 661 30.
966 622 1054 651 venit.

220 660 355 691 Humiles
370 661 511 700 laborant,
534 664 583 692 ubi
591 669 716 702 potentes
731 662 867 702 diffident.
1007 660 1067 692 LA
1077 671 1152 694 TET
1164 664 1173 698 ]
1196 661 1280 692 Tuta
1294 662 1348 702 est,
1371 664 1459 696 libera
1475 675 1492 696 a
1506 668 1652 707 periculo,
1666 668 1746 708 quod

142 699 224 740 Quin
239 701 267 731 &
283 703 322 732 ita
337 702 443 734 Horat.
460 705 489 734 in
504 702 591 742 Epist.
965 705 1142 743 principibus
1157 705 1301 735 imminet.

221 743 367 788 Quicquid
378 745 501 775 delirant
518 755 609 787 reges,
623 744 790 786 plec‘luntur
803 744 921 775 Achivi.

550 905 1003 986 ΕΑΒ.
1143 907 1322 986 VI.

675 1054 1206 1096 POETA.

135 1174 244 1286 T
264 1192 305 1236 U
351 1177 451 1256 qui
480 1170 674 1234 nasute
708 1172 911 1258 scripta
940 1173 1247 1257 destringis
1274 1196 1435 1242 mea,

269 1276 345 1334 Et
371 1272 486 1333 hoc
518 1279 787 1350 jocorum
814 1274 1010 1355 legere
1039 1271 1259 1335 fastidis
1291 1295 1475 1356 genus
1493 1323 1512 1349 ,

132 1374 315 1436 Parva
341 1371 612 1434 libellum
660 1370 870 1434 sustine
898 1375 1175 1455 patientia
1194 1415 1210 1440 ‚

133 1475 512 1537 Severitatem
540 1468 751 1532 frontis
782 1470 931 1533 dum
959 1472 1128 1556 placo
1157 1492 1265 1534 tuae
1283 1517 1299 1541 ‚

129 1575 205 1635 Et
234 1578 296 1635 in
325 1570 624 1634 cothurnis
657 1571 853 1656 prodit
883 1569 1138 1657 AEsopus
1171 1577 1359 1637 novis,
1738 1591 1765 1638 ς

1548 1684 1580 1722 ‘l
1596 1676 1730 1744 Uti,

650 1778 756 1811 AD
841 1780 1197 1812 FAB.VI.

127 1836 138 1845 ’
169 1846 197 1868 1.
220 1835 283 1867 Tu
305 1840 403 1875 Qui]
440 1835 532 1866 Poe'ta
552 1835 599 1866 hic
619 1835 779 1873 alloquitur
801 1836 907 1866 harum
986 1847 1006 1876 4
1037 1835 1333 1869 SEVER1TATEM
1351 1840 1363 1874 ]
1407 1837 1494 1868 Illam
1530 1842 1738 1875 morositatem

126 1876 292 1908 fabularum
308 1878 450 1908 censores.
493 1877 580 1908 Ordo
596 1876 651 1913 est,
673 1875 697 1907 0
718 1877 830 1915 nasute,
857 1880 909 1920 qui
946 1886 1045 1916 tuam,
1068 1888 1126 1918 qua
1146 1879 1177 1909 fit
1198 1886 1229 1909 ut
1255 1878 1382 1910 obducta
1397 1879 1494 1910 fronte
1508 1881 1561 1911 hos
1575 1882 1672 1913 versus
1686 1885 1737 1916 in->

127 1918 181 1948 ἃς.
224 1918 290 1949 Nisi
305 1919 379 1950 forte
393 1919 489 1958 nasute
505 1918 534 1949 iit
559 1917 740 1947 adverbium.
782 1918 908 1957 Nasutm
947 1920 1058 1959 spjcjas.

127 1959 165 1990 est
179 1984 187 1998 ‚
216 1961 265 1999 qui
286 1960 416 2002 sagacius
438 1960 501 1989 aliis
523 1959 551 1989 se
573 1966 653 1997 putat
676 1959 834 1989 hominum
863 1968 907 1989 er—
990 1970 1016 1998 5.
1039 1961 1092 1991 ET
1115 1971 1153 1991 m
1175 1961 1445 1996 cornminus]
1482 1961 1622 2002 Exspcchi
1637 1989 1645 2003 ,
1674 1966 1728 2005 ait,

128 2010 207 2031 rores
225 2002 354 2041 vitiaque
375 2002 501 2032 odorari.
545 1999 658 2030 Talem
684 1999 712 2029 &
734 2009 789 2030 nos
810 1999 906 2041 Belgae
948 2011 1003 2033 nec
1018 2002 1111 2040 abjice
1127 2004 1276 2041 libellum,
1298 2003 1395 2033 donec
1410 2011 1437 2033 te
1453 2005 1584 2044 placem,
1606 2005 1730 2037 &AEso-

127 2050 269 2074 vocamus
282 2055 420 2085 neuswys.
456 2041 605 2073 Martialis
620 2042 669 2072 lib.
686 2050 773 2072 x111.
796 2042 833 2072 ad
847 2040 907 2072 Le-
948 2053 1001 2082 pus
1023 2044 1143 2083 prodeat
1165 2045 1194 2074 in
1216 2046 1366 2075 cothurnis
1380 2069 1388 2082 ‚
1418 2045 1446 2075 id
1462 2045 1500 2075 est
1520 2046 1617 2077 donec
1632 2057 1731 2087 novo,

128 2082 256 2116 &oremz
946 2085 974 2115 ὅ(
990 2085 1136 2127 tragoediae
1152 2087 1342 2116 convenienti
1359 2085 1496 2116 sermone
1511 2094 1641 2119 utentem
1658 2098 1728 2120 eum

184 2126 187 2131 '
206 2125 332 2164 Nasutus
337 2125 378 2164 fis
391 2126 474 2168 usque
488 2125 569 2163 licet,
581 2124 623 2162 fis
637 2125 756 2168 denique
772 2124 863 2164 nasus,
947 2127 1061 2165 audias;
1088 2126 1117 2156 id
1132 2127 1212 2164 quod
1229 2135 1315 2158 vocat
1330 2138 1454 2165 novum,
1476 2130 1544 2167 quia
1559 2130 1727 2162 inusitatum

250 2167 396 2210 Quantum
410 2166 530 2197 noluerit
537 2168 616 2205 ferre
631 2174 735 2207 rogatus
750 2165 845 2205 Atlas;
947 2168 1063 2208 AEsopo
1078 2167 1240 2206 fabulisque
1260 2169 1329 2207 ejus.
1371 2169 1534 2199 Cothurnus
1554 2179 1651 2202 autem
1667 2179 1727 2202 emt

208 2205 251 2237 Ec
282 2219 295 2236 o
315 2218 337 2238 υ
350 2208 439 2248 ipsum
455 2216 488 2238 tu
501 2207 626 2238 deridere
641 2209 798 2245 Latinum,
947 2210 1141 2241 calceamenti
1157 2219 1248 2250 genus
1263 2233 1271 2248 ‚
1294 2220 1354 2250 quo
1368 2210 1479 2241 actores
1494 2210 1726 2253 Tragoediaium

286 2259 319 2277 on
326 2255 403 2289 potes
416 2251 447 2279 in
460 2259 544 2289 nugas
551 2250 647 2295 ficere
656 2248 744 2290 plura
752 2260 838 2295 ‘meaa
946 2253 1108 2283 utebantur.
1152 2251 1252 2291 Atque
1266 2253 1335 2284 hinc
1356 2261 1408 2291 pro
1425 2252 1586 2299 sublimiori
1608 2254 1725 2285 dicendi

171 2286 444 2325 Dsssrnmms]
468 2289 581 2329 Carp1s.
597 2288 646 2320 Sic
660 2290 720 2330 sup.
738 2291 786 2322 lib.
805 2301 829 2322 1.
847 2290 904 2323 fab.
945 2302 1050 2336 genere
1064 2293 1222 2332 usurpatur.
1245 2292 1337 2326 Ovid.
1352 2304 1370 2325 2
1385 2293 1473 2325 Tnst.

129 2337 179 2370 29.
303 2373 309 2378 ¹
1026 2335 1068 2367 Ec
1081 2335 1208 2366 dedimus
1221 2339 1337 2378 tragicis
1349 2339 1490 2379 scriptum
1511 2337 1601 2379 regale
1615 2337 1725 2368 cothm*

209 2369 307 2401 Graw
322 2371 492 2412 destringunt
503 2370 572 2401 alios
585 2373 760 2404 contumelia.
1106 2379 1166 2415 nis,

171 2421 199 2443 2.
221 2410 291 2449 Joc
301 2421 322 2443 o
331 2421 352 2443 R
362 2415 438 2449 um]
461 2411 531 2442 Vid.
545 2412 606 2451 sup.
620 2417 695 2452 prol.
709 2416 757 2446 lib.
776 2425 800 2447 1.
1064 2418 1187 2464 Quaeque
1196 2421 1300 2461 gravis
1313 2419 1393 2451 debet
1409 2421 1499 2452 verba
1513 2419 1661 2451 cothurnus
1674 2419 1723 2450 ha-

173 2462 200 2493 3.
222 2452 420 2489 SuanE]
443 2452 544 2491 Tene,
570 2464 631 2485 non
647 2455 738 2494 abjice
752 2456 847 2490 statim
861 2457 902 2490 fa-
1142 2460 1196 2491 bet.

129 2492 214 2527 stidio
227 2495 361 2536 quodam
375 2501 437 2527 tam
450 2496 572 2527 minutae
583 2495 752 2536 scriptionis.
986 2538 1020 2571 N
1045 2549 1062 2571 2
1574 2541 1595 2571 6
1626 2539 1661 2572 U
1671 2549 1722 2572 n-
