2007 2771
277 100 391 145 100
476 77 950 145 PHAEDRI
1035 77 1790 143 FABULARUM

353 193 386 232 ‘ff
430 179 689 239 Utinam
719 201 827 239 nec
860 200 1149 262 umquam
1179 177 1324 240 Pelii
1355 183 1614 240 nemoris
1645 184 1823 263 jugo,

272 284 446 341 Pinus
478 280 722 362 bipenni
751 279 1094 341 concidisset
1127 278 1390 344 Theffila
1416 306 1427 339 :

271 382 405 443 Nec
434 376 506 437 ad
535 374 788 459 profeffae
819 383 1022 440 mortis
1053 378 1335 441 audacem
1361 382 1527 442 Viam-

270 472 614 540 Fabricaffet
642 476 846 558 Argus
873 499 1050 561 opere
1079 478 1338 540 Palladio
1365 495 1582 543 ratem,

219 572 640 658 101nhospitalis
667 579 852 658 prima
883 598 1012 660 quae
1039 577 1216 636 Ponti
1246 574 1398 636 sinus

273 670 556 736 Patefecit
574 719 589 744 ‚
636 673 697 731 in
725 675 1051 756 perniciem
1076 674 1317 733 Graium
1346 673 1415 735 δί
1442 671 1768 736 Barbarum.

272 774 338 834 N
345 795 548 856 amque
577 773 645 834 &
675 769 910 858 superbi
936 773 1097 855 luget
1124 774 1310 831 AEetae
1335 768 1552 832 domus
1570 811 1587 836 ,

272 871 353 930 Et
378 892 557 953 regna
589 871 758 931 Peliae
788 870 999 932 scelere
1034 867 1269 929 Medeae
1302 872 1489 943 jacent
1509 908 1526 932 ‚

278 967 424 1054 Qae
453 969 670 1033 saevum
698 973 1009 1052 ingenium
1036 972 1210 1032 variis
1241 967 1555 1031 involvens
1587 967 1817 1036 modis,

220 1068 398 1138 „Illic
427 1090 529 1152 per
556 1085 707 1130 artus
738 1065 925 1128 fratris
960 1068 1239 1153 explicuit
1267 1064 1513 1149 fugam,

313 1281 343 1311 6.
365 1278 399 1310 U
411 1288 546 1311 riurmr
563 1288 634 1311 NEC
657 1283 860 1318 UMQUAM]
890 1279 955 1310 Nec
970 1280 1017 1310 hic
1031 1279 1053 1309 i-

274 1322 343 1353 dem
362 1330 396 1351 ac
412 1331 488 1358 non,
510 1329 541 1351 ut
556 1322 627 1360 saepe
642 1322 719 1360 apud
735 1319 839 1361 Virgil.
862 1319 989 1350 Simulat
1003 1329 1053 1350 au-

273 1371 334 1394 tern
354 1363 440 1401 po'c'ta
463 1362 490 1392 se
512 1362 686 1402 scripturum
708 1363 905 1401 tragoediam,
933 1360 961 1390 ἃ
978 1362 1052 1399 joco

273 1405 331 1435 hoc
346 1406 424 1433 velut
439 1404 594 1434 exordium
608 1404 678 1434 facit
691 1427 699 1442 ‚
720 1402 878 1441 quomodo
893 1401 1006 1432 Ennius
1022 1404 1052 1432 in

273 1445 460 1475 transsatione
475 1443 620 1484 Euripidis
637 1444 764 1476 Medea
809 1443 878 1473 Vid.
895 1444 940 1473 liic
956 1443 1051 1473 Cicer.

273 1487 322 1516 lib.
337 1486 373 1516 de
388 1485 464 1516 Fato
481 1495 526 1523 15.
548 1485 637 1518 Au&
653 1487 690 1516 ad
704 1486 836 1516 Herenn.
854 1495 900 1514 11.
915 1494 964 1515 22.
985 1483 1052 1514 Do-

273 1534 333 1558 nat.
348 1527 384 1556 ad
399 1526 613 1556 Phormionem
631 1538 654 1557 1.
672 1536 698 1567 3.
716 1536 742 1563 5.

315 1567 425 1597 PEL11
449 1569 642 1603 NEMOR1s]
671 1568 780 1604 Silvae,
803 1575 866 1604 quae
883 1566 986 1596 eratin
1002 1565 1054 1596 Pe-

272 1609 355 1639 lione
369 1616 473 1638 monte
488 1607 642 1640 Thess'aliae
656 1608 846 1639 incumbente
861 1608 890 1638 in
902 1607 996 1639 finum
1003 1607 1056 1637 Pe-

272 1650 424 1691 lasgicum.

313 1699 340 1730 7.
364 1690 488 1721 Pinus
505 1693 516 1727 ]
552 1690 627 1730 Quae
648 1692 678 1721 in
699 1690 821 1720 Pelione
842 1690 980 1728 reperitur
999 1689 1054 1720 fre-

270 1741 371 1772 quens.
394 1730 443 1762 Est
457 1742 570 1763 nomen
585 1733 694 1763 arboris
710 1743 718 1770 3
742 1731 789 1762 sed
804 1740 854 1770 per
874 1730 997 1770 Synecd.
1014 1730 1053 1761 est

271 1776 317 1806 hic
333 1774 481 1844 finfggularis
496 1783 549 1812 pro
563 1774 676 1813 plurali.

313 1814 340 1845 8
394 1824 415 1845 R
426 1817 599 1852 orfissffi]
622 1815 731 1854 Certae,
754 1813 931 1844 indubitatae.
953 1813 1053 1844 Hora-

269 1856 325 1888 tius
339 1855 401 1890 Od.
424 1865 451 1897 3.

431 1897 539 1928 Audax
553 1900 648 1928 omnia
658 1899 769 1938 perpeti

352 1938 428 1969 Gcm
442 1939 568 1969 humana
582 1943 643 1969 ruit
653 1946 708 1979 per
721 1940 848 1968 vetitum
862 1937 943 1973 ,τε-ᾖτε.

313 1989 343 2019 9,
364 1980 419 2011 FA
428 1988 516 2011 BR1C
525 1989 547 2010 A
556 1988 571 2011 s
580 1983 670 2017 SET]
695 1977 731 2008 C.
747 1978 945 2009 Germanicus
955 1976 1051 2007 Caesar

272 2020 308 2051 de
322 2030 411 2052 aureo
424 2022 547 2060 saeculo,

436 2063 539 2105 Neque
548 2070 601 2103 per
613 2062 709 2092 dubios
722 2059 885 2099 avidtffima
900 2067 999 2090 ventos

354 2103 418 2143 Spes
427 2103 526 2143 procul
537 2111 639 2133 amotas
646 2104 791 2140 fabricata
804 2112 880 2131 nave
888 2102 1010 2143 petebat.

316 2143 403 2174 ARG
415 2146 482 2179 [S]
511 2143 609 2173 Navis
630 2146 706 2174 illius
727 2142 831 2174 artifex
844 2165 852 2180 ‚
875 2151 933 2181 qua
952 2142 1051 2172 vectus

274 2184 312 2214 est
326 2184 414 2223 Jason
431 2186 460 2214 in
475 2182 655 2216 Colchidem
669 2208 678 2223 ,
713 2186 750 2215 ad
765 2186 857 2214 vellus
872 2193 994 2215 aureum
1008 2193 1051 2214 re-

273 2226 464 2265 portandum.

313 2267 451 2298 Ormi:
476 2265 713 2300 PALLADJO]
742 2265 869 2296 Palladis
884 2266 1007 2297 consilio
1021 2265 1050 2296 δι

271 2315 346 2343 arte,
369 2310 415 2338 vel
431 2309 520 2338 etiam
543 2317 640 2346 opera.
683 2307 818 2347 Fingitur
832 2309 913 2339 enim
928 2307 988 2347 ipsa
1001 2307 1051 2338 de-

266 2348 367 2388 jeciffe
380 2350 496 2380 arbores
510 2349 544 2379 ad
561 2358 628 2380 eam
643 2349 819 2379 neceffiirias.

314 2401 361 2422 ιο.
384 2390 692 2425 ΙΝΗοεΡιτΑωε]
716 2389 843 2429 Proprie.
872 2389 960 2421 Nam
975 2390 1052 2419 olim

270 2431 389 2463 Axenus
407 2432 612 2472 appellabatur.
655 2430 783 2462 Ovidius
804 2431 840 2462 de
854 2433 934 2462 eoin
948 2430 1051 2462 Tristi-

271 2474 340 2506 bus.

1759 1164 1874 1229 Hie

1176 1278 1284 1309 Didius
1298 1280 1333 1310 ab
1346 1281 1473 1322 antiquis
1486 1280 1604 1311 Axenus
1618 1281 1663 1311 ille
1668 1281 1741 1319 fuit.

1094 1316 1212 1350 Deinde
1226 1319 1363 1350 Euxinus
1378 1322 1416 1350 est
1430 1321 1539 1359 dicius,
1557 1323 1667 1352 ominis
1683 1323 1754 1353 boni
1770 1322 1876 1361 causa,

1096 1359 1125 1388 id
1141 1359 1194 1399 est,
1215 1360 1372 1399 hospitalis¹
1420 1361 1496 1392 Vide
1517 1373 1605 1401 porro
1627 1363 1663 1393 de
1677 1364 1759 1401 ponti
1774 1371 1876 1402 etymo

1095 1399 1270 1431 Minervam
1284 1401 1410 1441 Sambi,
1433 1401 1460 1432 ἃ
1476 1404 1513 1433 ibi
1529 1403 1707 1434 docliffnnas
1718 1412 1801 1434 notas
1810 1404 1872 1442 Jac.

1093 1440 1238 1472 Perizonii
1253 1452 1280 1481 p.
1297 1444 1364 1482 629.

1138 1493 1184 1513 11.
1206 1483 1470 1521 BARBARUM]
1513 1483 1711 1517 Barbarorum
1730 1510 1739 1526 ,
1773 1488 1823 1526 qui
1844 1487 1876 1518 in

1095 1522 1242 1554 Colchide
1256 1526 1433 1556 habitabant.

1140 1574 1187 1595 12.
1210 1564 1311 1597 SUPE
1322 1568 1407 1602 Rssi]
1436 1565 1545 1608 Magni
1560 1591 1568 1605 ‚
1597 1569 1733 1607 potentis.
1777 1567 1877 1601 Sumi-

1096 1612 1142 1635 tur
1156 1608 1237 1637 enim
1252 1609 1298 1638 hic
1313 1610 1342 1638 in
1359 1609 1471 1638 bonam
1486 1616 1608 1647 partem⁴

1137 1646 1167 1677 L
1176 1658 1199 1679 U
1208 1657 1226 1678 G
1235 1658 1253 1679 E
1263 1659 1282 1679 T
1293 1653 1303 1688 ]
1326 1648 1446 1688 Propter
1461 1651 1536 1680 hanc
1549 1650 1776 1688 expeditionem.
1803 1649 1878 1680 AEe-

1096 1695 1138 1718 tas
1161 1690 1242 1719 enim
1263 1690 1397 1721 amiserat
1418 1699 1540 1721 aureum
1560 1693 1654 1722 vellus
1668 1714 1677 1730 ,
1698 1692 1793 1723 filiam
1807 1690 1878 1722 Me-

1095 1729 1199 1768 deam,
1221 1730 1248 1759 &
1263 1731 1358 1762 filium
1373 1731 1542 1770 Absyrtum.

1136 1770 1204 1802 AEE
1214 1774 1288 1809 τε]
1310 1773 1402 1803 Patris
1416 1772 1543 1803 Medeae.
1815 1808 1818 1809 ⁷

1140 1823 1185 1853 13.
1206 1813 1254 1844 PF.
1265 1816 1355 1850 [με]
1384 1814 1465 1853 Quia
1480 1814 1573 1845 Pelias
1587 1825 1604 1845 a
1617 1813 1731 1845 Medea
1745 1813 1876 1853 occisus,

1094 1853 1130 1884 de
1145 1863 1206 1892 quo
1219 1855 1277 1884 vid.
1292 1855 1384 1886 Ovidy
1402 1854 1531 1885 Metam.
1547 1858 1563 1885 l.
1581 1864 1607 1893 7.

1135 1894 1312 1932 Jaemr]
1342 1894 1449 1926 Evessa
1471 1896 1508 1925 sc.
1531 1906 1602 1926 nam
1625 1897 1722 1925 multa
1741 1897 1822 1924 mala
1844 1896 1873 1926 in

1094 1935 1222 1966 domum
1243 1937 1367 1973 patriam
1389 1937 1485 1966 intulit
1509 1935 1621 1966 Medea
1641 1959 1649 1973 ,
1682 1945 1753 1965 curn
1774 1936 1873 1967 felicia

1093 1978 1184 2015 patria
1211 1976 1352 2014 Jasonem
1379 1976 1542 2017 sequeretur
1557 1988 1566 2015 ;
1606 1977 1643 2007 de
1665 1986 1726 2016 quo
1754 1977 1872 2008 videndi

1113 2026 1192 2048 oetae.

1092 2028 1110 2057 p
1136 2069 1183 2100 14.
1204 2058 1244 2090 ΙΝ
1253 2069 1271 2089 ν
1281 2068 1301 2089 0
1310 2069 1328 2090 L
1337 2069 1381 2090 νε
1391 2060 1451 2095 Ns]
1474 2058 1641 2096 OccuIens,
1663 2065 1770 2099 tegens.

1137 2109 1182 2138 15.
1205 2100 1415 2139 Famssis]
1444 2100 1570 2139 Absyrti.
1586 2101 1656 2132 Vid.
1677 2101 1769 2131 Ovid.
1784 2100 1871 2135 Trist.

1093 2143 1110 2172 1.
1128 2151 1154 2182 3.
1168 2140 1215 2172 El.
1232 2151 1259 2181 9.

1132 2182 1386 2219 Expmcmr]
1416 2182 1560 2222 Respe&u
1582 2184 1619 2215 ad
1641 2184 1807 2223 oppofitum
1827 2187 1870 2214 in-

1091 2223 1216 2254 volvens.
1239 2224 1320 2255 Cum
1335 2225 1416 2255 enim
1431 2224 1541 2256 Medea
1555 2226 1680 2267 fugeret,
1703 2225 1872 2264 insequeba-

1090 2273 1135 2296 tur
1149 2275 1217 2296 eam
1237 2276 1309 2296 cum
1322 2265 1429 2303 Jasone
1448 2274 1527 2305 pater
1539 2266 1652 2298 AEetaS.
1696 2266 1868 2297 Imminenti

1090 2316 1160 2348 eigo
1174 2306 1201 2336 ἃ
1212 2307 1277 2345 jam
1292 2316 1429 2347 capturO,
1444 2309 1580 2338 membra
1594 2307 1702 2339 diffeffl
1717 2309 1810 2339 fratris
1817 2309 1872 2337 ob-

1087 2348 1157 2387 jecit
1178 2358 1227 2386 per
1248 2357 1339 2387 partes
1355 2373 1363 2387 ‚
1391 2356 1422 2379 ut
1442 2349 1516 2380 dum
1531 2351 1643 2391 lingula
1658 2351 1786 2391 colligit,
1808 2348 1867 2387 ipsa

1092 2391 1200 2420 interea
1215 2396 1329 2429 tempus
1344 2391 1458 2421 haberet
1473 2392 1616 2422 elabendi.
1639 2391 1739 2431 Atque
1752 2391 1809 2421 hoc
1817 2388 1872 2430 est,

1091 2430 1232 2473 explicare
1238 2433 1342 2474 fugam
1350 2440 1404 2474 per
1418 2440 1497 2463 artus
1506 2434 1623 2472 fratris.

1694 2515 1740 2545 16.
1764 2492 1868 2545 Ini'n-
