2007 2771
287 95 361 151 84
448 80 934 146 PHAEDRI
1015 82 1800 150 FABULARUM

278 183 429 244 Divi
454 180 722 263 legerunt
748 182 993 244 arbores.
1049 181 1318 273 Qercus
1346 187 1522 263 Jovi5

282 283 362 341 Et
386 299 605 365 myrtus
643 285 867 344 Veneri
894 283 1144 367 placuit,
1185 281 1423 344 Phoebo
1447 283 1640 345 laurea
1658 326 1675 352 ,

283 383 464 442 Pinus
494 380 795 464 Cybebae,
837 380 1091 465 populus
1121 379 1268 443 celsa
1298 381 1555 443 Herculi.
1604 453 1605 459 ἵ

281 478 564 538 Minerva
590 475 879 538 admirans
899 519 916 543 ,
965 497 1141 561 quare
1169 475 1383 539 steriles
1409 477 1732 556 sumerent,

279 579 682 658 Interrogavit.
724 574 981 638 Causam
1005 576 1157 637 dixit
1188 578 1438 658 Jupiter:

279 675 529 737 Honore
564 672 828 739 fructum
863 697 934 737 ne
963 673 1274 740 videamur
1296 672 1570 737 vendere.

320 882 348 902 2.
371 869 510 902 LEGER
521 876 622 911 UNT]
646 872 706 905 Sibi
722 876 881 916 elegerunt,

319 913 407 952 Qun
418 922 437 943 R
447 922 464 943 c
476 924 496 945 υ
506 922 521 943 s
545 923 586 954 Jo
596 917 654 952 vi]
687 915 768 946 Cum
790 916 907 947 Saturni
929 924 1063 956 tempore

276 961 344 983 ante
364 953 472 991 Jovem
494 956 630 986 homines
651 959 785 987 carnibus
808 959 944 989 humanis
964 959 1060 988 vesce-

277 1002 391 1033 rentur,
413 995 523 1034 Jupiter
538 998 644 1035 vetuit,
666 1000 775 1037 nequis
790 1008 827 1029 eo
842 1002 909 1031 cibo
925 1007 1060 1038 uteretur,

277 1036 304 1065 ἃ
320 1046 336 1066 a
351 1038 485 1067 carnibus
507 1038 543 1068 ad
564 1039 686 1079 glandes
708 1042 874 1079 convertit,
897 1051 961 1080 quae
975 1042 1060 1072 arbor

277 1079 313 1107 ab
327 1088 363 1107 eo
378 1080 509 1117 primum
523 1080 700 1119 monstrata,
722 1081 803 1111 sacra
816 1082 927 1113 idcirco
944 1084 985 1113 illi
1001 1092 1060 1113 cre-

277 1119 363 1149 ditur.
386 1119 467 1150 And.
483 1119 617 1152 Alciatus
633 1124 651 1152 l.
667 1132 694 1152 2.
710 1121 809 1152 Embl.
824 1132 927 1154 xxxrr.

357 1160 451 1190 Grata
460 1162 536 1199 Jow'
549 1164 584 1204 est
595 1175 722 1206 quercus,
736 1167 786 1207 qm'
799 1176 845 1194 nos
852 1165 1061 1208 fi‘rvatquefo-

431 1210 545 1244 vesque.

400 1243 538 1273 Servanti
552 1247 647 1274 civem
661 1256 767 1287 querna
781 1257 878 1276 corona
892 1247 987 1278 dictur.

321 1294 347 1321 ς.
371 1282 551 1314 Mimos
580 1288 752 1322 vri-zeni]
792 1288 874 1326 Quia
894 1289 954 1318 haec
975 1289 1062 1319 arbor

279 1326 405 1355 nascitur
426 1326 456 1355 in
478 1326 563 1355 litore
584 1328 694 1365 maris,
731 1329 779 1358 ubi
801 1328 904 1358 Venus
926 1336 993 1360 nata
1014 1329 1061 1359 est.

279 1367 413 1406 Quidam
442 1375 513 1397 vcro
535 1370 639 1397 volunt
664 1369 774 1399 idcirco
788 1368 928 1409 Myrtum
949 1370 1003 1400 effe
1018 1371 1060 1401 sa-

279 1418 360 1439 cram
378 1408 502 1446 Veneri,
525 1408 605 1447 quod
623 1408 724 1440 Venus
738 1409 844 1449 'Myrto
859 1411 925 1441 effer
940 1419 1060 1449 ornata,

278 1459 349 1480 cum
362 1449 481 1487 Judicio
496 1449 607 1485 Paridis
622 1450 743 1482 disceffit
762 1454 891 1491 pulcrior
906 1452 1060 1490 Junone&

277 1489 406 1521 Pallade.
422 1490 505 1531 Virg.
520 1490 583 1521 Ecl.
600 1501 668 1522 vn.

354 1531 477 1572 Populus·
490 1532 596 1562 Alcidae
605 1532 765 1573 gratiffima
778 1556 787 1571 ,
807 1534 877 1563 viti&
891 1533 985 1565 laccho
997 1558 1005 1573 ‚

355 1572 488 1611 formos-e
501 1580 603 1613 myrtus
618 1573 717 1603 Veneri
731 1596 739 1612 ‚
754 1574 812 1612 sua
832 1573 930 1604 laurea
944 1575 1059 1607 Phoebo.

275 1614 357 1644 ldem
374 1615 393 1644 l.
410 1623 437 1644 2.
454 1612 565 1654 Georg.

354 1655 444 1685 solido
458 1654 579 1695 Paphiae
591 1655 625 1685 de
638 1656 730 1686 robore
743 1655 871 1695 sih-rtur,

274 1697 322 1728 ubi
344 1696 402 1727 vid.
425 1695 550 1727 Servius.
600 1695 711 1727 Rursus
732 1694 892 1728 de‘AEnea
912 1699 929 1728 l.
953 1707 979 1735 5.
1002 1697 1057 1730 ΙΕ-

274 1739 350 1768 neid.

353 1779 398 1809 Sic
406 1780 483 1817 fatus
496 1778 577 1809 velat
593 1785 723 1808 materna
738 1785 862 1821 tempora
877 1788 974 1822 myrto.

273 1819 310 1849 Et
325 1819 419 1850 Ovid.
438 1823 455 1850 l.
470 1830 498 1860 4.
518 1819 593 1850 Fast.
607 1819 678 1849 vers.
696 1828 740 1857 15.

352 1860 438 1892 Mota
445 1861 615 1903 Cytheriaca
630 1861 737 1891 leviter
750 1872 813 1891 mea
828 1869 954 1903 tempora
967 1871 1059 1905 myrto

394 1903 532 1944 Contigit.

312 1942 342 1975 L
351 1953 372 1974 A
382 1953 404 1975 U
412 1953 432 1974 R
442 1953 460 1974 F.
469 1953 491 1974 Α
500 1946 511 1980 ]
534 1942 660 1974 Laurus.
675 1941 789 1972 Placuit
805 1944 863 1973 haec
877 1943 963 1973 arbor
971 1942 1056 1974 Phoe-

274 1987 327 2023 bo,
349 1986 418 2024 quia
432 1984 580 2025 Daphnen
597 1985 633 2015 ab
648 1993 685 2014 eo
700 1992 832 2016 amatam
856 1985 886 2014 in
901 1985 976 2014 hanc
989 1994 1056 2015 mu-

272 2033 365 2056 tatam
379 2027 483 2057 ferunt.

314 2067 484 2106 4P1NUS
508 2067 695 2103 CYBEBAE]
725 2066 807 2097 Huic
820 2065 894 2097 Deae
908 2065 996 2098 Pinus
1011 2078 1056 2099 ar-

273 2108 325 2138 bor
340 2107 449 2138 sacrata
465 2109 533 2146 fuit⁷
556 2109 636 2146 quod
658 2108 732 2147 Atys
750 2132 758 2146 ,
780 2118 870 2147 quem
892 2110 1054 2147 deperibat,

271 2149 356 2179 fuerit
372 2150 400 2178 in
416 2150 491 2179 hanc
506 2156 652 2188 mutatus,
674 2157 704 2180 ut
721 2151 759 2180 ait
774 2149 864 2180 Ovid.
880 2152 899 2180 l.
917 2159 962 2180 10.
984 2149 1054 2181 Me-

272 2189 449 2228 tamorplios.

351 2231 547 2269 Etfitccinllcz
562 2242 646 2260 comas
659 2231 822 2275 hirsutaque
838 2236 948 2263 vertice
956 2232 1053 2272 Pinus,

351 2271 446 2301 Grata
475 2271 572 2301 Deam
607 2275 704 2301 matri.
737 2273 880 2316 fiqztidem
913 2275 1055 2316 Cybeleius

429 2312 503 2342 Attis

350 2352 461 2423 Exuitll
475 2353 525 2384 hac
552 2354 693 2384 hominem
707 2378 716 2393 ‚
743 2363 894 2399 truncoque
922 2358 1056 2389 induruit

431 2407 440 2423 1
462 2406 483 2424 0.

269 2434 382 2467 Seneca
395 2434 509 2466 Troad.
527 2434 594 2466 Aet.
614 2446 638 2466 1.

348 2477 495 2520 Secititque
502 2478 616 2516 fretum
625 2480 708 2519 pinus
723 2483 813 2509 matri

1800 776 1889 836 At

1675 919 1753 953 patet
1787 923 1820 944 ex
1848 923 1885 945 eo

1306 874 1393 905 Sacra
1409 872 1533 915 Cybebae.

1104 913 1191 947 Nam
1226 916 1263 946 sic
1298 917 1336 946 ibi
1371 916 1531 957 legendum
1565 913 1620 945 ess‘e
1632 938 1641 953 ‚

1105 958 1185 996 quod
1213 956 1318 988 disserit
1340 956 1456 988 Gudius
1484 957 1520 987 ad
1548 957 1633 995 hujus
1654 957 1718 986 libri
1739 955 1797 986 fab.
1818 957 1884 986 ulti-

1102 1009 1196 1029 mam.
1224 998 1394 1029 Confirmat
1415 998 1443 1028 ἀ
1464 997 1591 1029 Ursinus
1613 997 1650 1029 ad
1664 996 1747 1038 Virg.
1762 996 1882 1028 AEneid.

1103 1041 1152 1071 lib.
1168 1049 1194 1070 x.
1210 1040 1280 1070 vers
1297 1049 1365 1070 220.

1145 1081 1198 1112 (ΣΥ
1207 1090 1250 1112 BF.
1259 1084 1329 1119 ΒΑΕ]
1351 1079 1443 1111 Dicta
1457 1079 1496 1111 cst
1509 1079 1649 1111 Deorum
1662 1086 1771 1119 mater,
1793 1079 1821 1109 ὅ(
1835 1088 1885 1118 per

1103 1132 1172 1153 eam
1186 1129 1261 1152 terra
1274 1123 1496 1163 intelligebatur.

1146 1162 1335 1195 Porinos
1375 1171 1502 1195 cr-:LsA
1543 1162 1760 1198 HERcuu]
1804 1161 1885 1201 Quia

1102 1203 1247 1236 Hercules
1269 1206 1382 1244 populo
1401 1212 1461 1235 erat
1482 1211 1603 1234 ornatus
1615 1227 1624 1240 ‚
1652 1213 1724 1234 cum
1737 1203 1886 1234 descendit

1104 1247 1140 1277 ad
1157 1247 1280 1285 inferos,
1302 1245 1458 1276 edueturus
1479 1253 1587 1275 canem
1602 1244 1773 1276 Cerberum.
1803 1244 1885 1286 Virg.

1103 1289 1134 1318 in
1149 1286 1286 1328 Eclogis,
1308 1294 1339 1317 ut
1351 1287 1419 1325 jam
1432 1287 1579 1324 vidimus,

1184 1328 1310 1370 Populus
1324 1327 1430 1358 Alcidae
1438 1327 1607 1369 gratiffima.

1102 1368 1187 1399 Idem
1203 1371 1232 1399 in
1248 1368 1359 1409 Gcorg.
1375 1370 1393 1397 l.
1409 1378 1437 1398 2.
1453 1368 1523 1398 vers.
1537 1368 1586 1397 66.

1182 1409 1382 1452 Herculeaeque
1394 1410 1474 1439 arbos
1486 1408 1613 1447 umbrosa
1626 1419 1734 1438 coronae.

1101 1450 1130 1482 ὅ(
1144 1452 1193 1482 lib.
1209 1450 1235 1481 8.
1251 1449 1322 1481 AEn.
1338 1449 1409 1480 vers.
1424 1450 1493 1489 276.

1181 1493 1324 1523 Herculea
1338 1492 1438 1523 bicolor
1451 1502 1515 1522 cum
1524 1490 1642 1532 populus
1657 1490 1767 1520 umbra.

1102 1532 1196 1572 Quod
1215 1533 1242 1563 ἃ
1263 1535 1393 1564 imitatus
1414 1533 1453 1563 est
1473 1532 1607 1562 Alciatus
1629 1534 1649 1562 l.
1668 1530 1881 1562 z.E1nbl.xu.

1184 1574 1336 1605 Herculeos
1350 1577 1439 1605 crines
1452 1572 1551 1604 bicolor
1564 1573 1638 1616 quod
1642 1572 1761 1614 populus
1775 1580 1860 1604 ornet.

1102 1613 1195 1647 Ovid.
1211 1616 1326 1647 Heroid
1350 1614 1402 1655 Ep.
1419 1625 1447 1655 9.
1460 1614 1531 1645 vers
1546 1615 1594 1655 64.

1182 1657 1283 1699 Aptior
1296 1655 1566 1697 Herculeaepopulus
1581 1654 1645 1685 alba
1659 1666 1750 1684 comae.

1099 1703 1232 1736 Tlicocr.
1246 1706 1277 1736 in
1290 1705 1443 1736 Pharmac.
1458 1696 1568 1732 λεύκαν
1580 1721 1591 1741 ,
1617 1704 1647 1735 id
1661 1704 1716 1744 ess,
1732 1704 1884 1746 populum,

1100 1754 1170 1784 dicit
1198 1754 1254 1785 esse
1284 1750 1470 1794 Hkqui&
1496 1746 1567 1794 ῐεξόν
1589 1746 1706 1794 ἕξνΘ,
1754 1755 1884 1787 Herculis

1093 1795 1209 1834 sacram
1210 1795 1359 1867 1pllantam.
1400 1794 1484 1834 Quin
1499 1796 1580 1825 nulla
1594 1795 1651 1825 alia
1665 1795 1742 1825 ratio
1755 1796 1809 1835 est,
1831 1806 1883 1827 cur

1100 1838 1202 1876 magni
1243 1838 1325 1867 ero'e‘s
1338 1839 1478 1875 populeas
1493 1835 1634 1876 gestarent
1646 1845 1782 1875 coronas,
1790 1847 1881 1876 quam

1099 1879 1135 1906 ad
1157 1879 1356 1908 imitationem
1375 1876 1519 1907 fortiffimi
1539 1877 1685 1907 Herculis.
1727 1876 1777 1908 Sic
1803 1880 1884 1916 apud

1098 1918 1263 1949 Horatium

1256 1955 1364 1989 Teucer
1376 1958 1524 1989 Salamina
1531 1965 1646 1999 patrem
1666 1970 1700 1988 ue

1218 1999 1296 2030 Cum
1303 2002 1432 2042 fugeret,
1452 2007 1548 2029 tamen
1561 2000 1618 2029 uda
1656 2011 1711 2039 Vvaeo

1177 2037 1314 2082 Tempora
1324 2041 1443 2082 populea
1451 2042 1548 2078 fertur
1561 2040 1676 2082 cinxiffb
1691 2053 1796 2073 corona.

1095 2081 1172 2111 Aliae
1192 2089 1293 2112 tamen
1322 2084 1439 2112 arbores
1467 2080 1494 2111 ἃ
1522 2081 1607 2112 sacrae
1627 2082 1759 2113 Herculi.
1803 2083 1878 2115 Ter-

1095 2124 1208 2154 tullian.
1237 2123 1285 2153 lib.
1313 2123 1350 2153 de
1377 2125 1496 2153 coronis
1519 2133 1525 2153 ἰ
1570 2123 1706 2154 Hercules
1725 2136 1799 2155 minc
1819 2125 1877 2156 Po-

1090 2164 1195 2206 pulum
1208 2168 1298 2206 capite
1304 2166 1420 2206 praefert
1433 2188 1441 2203 ,
1463 2176 1536 2194 mmc
1552 2163 1706 2205 Oleastrum
1720 2189 1729 2205 ⁷
1750 2177 1823 2197 nunc
1836 2168 1878 2198 A-

1089 2213 1184 2246 pium.

1139 2256 1165 2283 7.
1188 2247 1381 2285 Honoris]
1403 2246 1557 2288 Elegimus
1577 2249 1694 2279 arbores
1714 2250 1814 2280 nullos
1833 2249 1875 2280 fe-

1096 2296 1190 2319 rentes
1203 2288 1313 2319 fruelus
1325 2312 1334 2327 ⁷
1357 2298 1393 2319 ne
1408 2289 1561 2319 videamur
1574 2313 1582 2327 ‚
1611 2291 1629 2321 li
1643 2291 1764 2329 quando
1778 2292 1874 2321 homi-

1098 2339 1147 2359 nes
1161 2339 1216 2360 nos
1230 2332 1349 2367 colunt,
1371 2331 1496 2361 vendere
1510 2331 1641 2362 fructum
1656 2334 1772 2364 illarum
1788 2334 1872 2364 arbo-

1096 2380 1163 2401 rum
1182 2380 1236 2409 pro
1258 2372 1370 2402 honore
1392 2373 1476 2402 nobis
1497 2373 1626 2411 praestito.
1672 2374 1735 2404 Alii
1756 2377 1871 2415 legunt,

1094 2412 1235 2443 Honorem
1246 2413 1348 2449 frudln
1368 2413 1422 2443 ἃς.
1452 2423 1559 2452 nempe
1580 2414 1680 2444 dando
1701 2416 1871 2448 hominibus

1095 2452 1223 2486 frudum
1236 2463 1290 2493 pro
1305 2455 1433 2494 honore,
1456 2465 1516 2495 quo
1531 2464 1586 2486 nos
1599 2456 1739 2486 afficiunt.

1763 2523 1790 2555 8.
1814 2523 1872 2555 Ar
