2007 2771
461 82 1522 145 PRAEFATIO.

192 186 317 233 cavit
336 184 428 234 Vir
450 181 714 232 clarissimus
744 187 905 232 Petrus
931 187 1218 232 Burmannus
1237 220 1249 241 ,
1290 186 1336 230 in
1368 183 1642 250 Ti‘aje&ina
1672 188 1794 234 Aca-

192 253 347 301 demia
369 251 697 300 humaniorum
730 254 967 300 literarum
993 249 1217 320 professor
1240 289 1254 309 ⁷
1291 255 1446 317 magni
1484 254 1689 301 Parentis
1716 272 1796 302 ne-

194 338 428 389 quaquam
454 320 654 386 degener
679 318 816 368 filius.
874 324 984 369 Nec
1007 319 1250 369 adfirmare
1275 319 1467 378 dubim,
1507 321 1795 370 emendatio-

194 405 294 438 rem
315 389 574 437 editionem
600 406 854 457 numquam
879 387 1095 456 prodiiffe
1123 387 1212 437 hac
1243 386 1411 437 nostra.
1487 391 1634 436 Pareo
1655 388 1795 438 verba

194 457 347 507 facere
376 458 433 505 de
466 456 668 524 specioso
702 458 833 505 cultu
859 495 870 516 ‚
908 476 1004 525 quo
1038 456 1080 505 se
1105 456 1404 505 commendat
1439 457 1585 504 oculis
1612 461 1795 506 intuen-

195 529 342 584 tium,
379 529 548 574 eximia
575 542 684 573 cura
705 531 749 572 δε
775 525 1022 593 impendiis
1044 524 1269 573 Francisci
1293 526 1474 573 Halmae
1501 562 1514 584 ‚
1562 529 1637 573 cui
1669 542 1793 574 certe

194 596 449 663 plurimum
485 592 654 642 favoris
689 599 734 640 &
768 597 928 658 gratiae
963 592 1138 641 debent
1161 591 1347 641 studiofi
1367 611 1452 661 pro
1476 609 1607 642 tanto
1632 595 1795 642 ardore

193 661 502 730 promovendi
531 680 629 709 rem
665 662 918 709 literariam
943 699 954 720 ‚
993 679 1088 729 quo
1120 659 1174 709 fit
1210 677 1263 709 ut
1298 660 1594 710 incredibiles
1622 661 1795 711 sumtus

193 731 436 799 impendat
458 728 751 797 publicandis
790 733 971 777 eximiis
1000 727 1281 777 auctoribus.
1356 732 1573 797 Denique
1599 730 1722 778 illius
1738 750 1797 778 -o-

229 817 305 847 era
327 805 371 846 &
399 815 503 847 mea
523 797 742 846 effectum
767 796 859 856 est,
899 801 1092 866 opinor,
1129 813 1183 846 ut
1204 800 1362 866 patriae
1387 795 1550 845 nostrae
1577 801 1795 864 juventus

194 816 366 917 liabcat
394 886 476 916 cur
500 870 668 932 gratias
695 882 802 933 agat
840 872 1271 918 SERENISSIMO
1310 869 1798 918 PR1N01P1NAS-

195 954 218 989 S
235 953 388 987 AV10
416 973 428 995 ‚
479 934 560 984 sub
604 938 733 1001 cujus
778 934 988 1054 auslgiciis
1034 933 1265 984 musteum
1311 933 1404 983 hoc
1447 952 1562 1003 opus
1610 936 1797 1002 evulga-

193 1020 286 1122 ΡΜ.
359 1005 483 1057 Vale
509 1041 523 1065 ,
573 1009 618 1053 &
646 1002 678 1053 s1
705 1008 861 1054 conati
897 1022 949 1054 us
988 1003 1151 1054 nostris
1190 1003 1314 1053 faves
1340 1041 1354 1065 ‚
1391 1004 1480 1053 alia
1506 1021 1694 1073 quoque
1719 1023 1798 1054 ex-

211 1078 362 1142 pecta.

477 1186 480 1190 ι
556 1179 598 1192 '¹0

234 1185 408 1222 ,ᾉῇζό
483 1189 630 1217 -ῑιμτ
