2007 2771
243 113 581 174 LIBRI
651 113 780 177 1v.
860 86 1351 176 F'ABULA
1408 121 1533 182 Vr.

1631 145 1740 187 IOI

140 210 260 274 Hic
291 213 444 275 caede
473 213 648 296 patris
681 210 990 274 Peliadum
1016 210 1217 273 infecit
1246 236 1468 276 manus.

226 313 389 399 Qd
407 312 515 372 tibi
533 311 762 374 videtur
781 321 796 371 ἓ
820 310 955 372 Hoc
973 333 1210 396 quoque
1227 312 1505 379 insulsum
1523 317 1621 388 est,
1643 325 1720 382 ais
1726 370 1747 398 2

135 409 424 495 Falsoque
451 409 681 471 dietum
697 433 714 478 5
764 410 945 492 longe
974 414 1113 495 quia
1144 412 1422 476 vetustior
1628 406 1633 410 ἱ

133 510 322 590 AEgea
350 509 559 569 Minos
592 506 755 569 claffe
785 507 1126 593 perdomuit
1153 506 1332 585 freta,

130 602 406 688 Justoque
437 603 768 667 vindicavit
800 606 1075 689 exemplo
1102 607 1406 691 impetum.

1749 640 1801 669 20

133 701 301 788 Qid
328 728 472 788 ergo
498 705 733 789 poffum
760 701 949 765 facere
983 704 1094 765 tibi
1112 753 1129 778 ,
1179 705 1364 768 lector
1392 709 1585 776 Cato,

124 805 186 865 Si
215 823 322 863 nec
353 801 574 863 fabellae
605 818 663 862 te
693 806 932 877 juvant,
979 824 1089 862 nec
1120 798 1374 862 fabulae?

124 902 273 966 Noli
299 899 572 962 molestus
603 899 713 961 esse
742 902 996 961 omnino
1020 899 1193 960 literis
1215 948 1231 973 ‚

120 1001 423 1075 Majorem
450 999 770 1061 exhibeant
794 1021 868 1059 ne
901 998 1012 1059 tibi
1043 997 1388 1059 molestiam.

198 1095 336 1158 Hoc
363 1097 472 1157 illis
501 1095 733 1157 dicium
762 1095 871 1161 est,
915 1096 957 1156 si
990 1097 1092 1179 qui
1123 1093 1271 1155 stulti
1300 1092 1606 1165 nauseant,

1740 1126 1787 1164 25

116 1196 228 1261 Et,
275 1214 339 1257 ut
367 1212 641 1279 putentur
676 1191 900 1279 sapere,
943 1193 1166 1256 coelum
1199 1198 1549 1278 vituperant.

158 1391 203 1421 16.
225 1390 265 1423 IN
274 1400 315 1422 Fr:
325 1399 342 1421 C
352 1403 359 1422 1
368 1395 409 1430 T]
433 1392 519 1424 Dum
533 1393 681 1432 persuadet
696 1392 758 1431 ipsis
767 1416 775 1431 ,
797 1391 891 1423 reddi-

113 1438 189 1461 turas
210 1433 249 1462 ita
270 1442 339 1463 euin
357 1433 507 1470 juvenem.
553 1434 622 1464 Vid.
644 1433 737 1464 Ovid,
760 1434 890 1464 Metam.

112 1472 198 1503 Ordo
212 1473 265 1504 est:
289 1474 388 1511 Infecit
402 1486 502 1504 mamis
515 1474 671 1505 Peliadum
687 1475 756 1505 caede
764 1476 862 1517 patris.

153 1522 205 1552 17ν
221 1515 306 1545 HOC
330 1519 520 1553 QUOQUE]
543 1515 672 1555 Respicit
687 1525 753 1554 eos,
775 1518 824 1555 qui
835 1515 893 1545 Eu-

110 1555 251 1595 ripidem‚
273 1556 389 1595 eiusque
404 1558 585 1586 imitatorem
607 1556 740 1587 Ennium
756 1581 764 1596 ,
793 1558 832 1586 ob
846 1566 893 1586 ex-

109 1596 229 1628 ordium
244 1598 406 1638 tragoediae‚
428 1607 491 1636 quae
512 1597 625 1628 Medea
646 1597 751 1628 dicitur
765 1621 773 1636 ⁷
792 1607 893 1636 carpe-

111 1638 197 1667 bant..

154 1678 200 1708 18.
222 1677 365 1710 LoNGE
387 1682 768 1716 QU1A-VETUST10R]
798 1678 892 1709 Leni-

110 1719 230 1750 niorum
264 1721 294 1750 in
321 1718 485 1749 Thraciam
514 1721 731 1760 expeditionem
756 1721 890 1750 describit

108 1759 207 1791 Valer.
230 1759 354 1791 Flaccus
375 1762 393 1789 1.
419 1770 446 1790 2.
467 1762 539 1792 vers
562 1761 628 1791 108.
652 1761 721 1791 Vid.
737 1760 811 1791 Plin.
828 1763 846 1790 1.
863 1769 889 1798 7.

108 1811 133 1831 c.
157 1802 203 1840 56.
232 1801 303 1833 Stat.
324 1801 421 1832 Theb.
443 1803 461 1831 l.
483 1812 510 1841 ς,
532 1801 670 1833 Voffium
683 1803 721 1833 ad
735 1801 890 1833 Catullum

107 1852 135 1882 p.
154 1844 219 1874 162.

151 1894 197 1924 19.
218 1884 367 1920 AEGEA]
390 1882 481 1914 Mare
494 1883 636 1925 AEgeum.

147 1925 307 1961 Mruos]
332 1925 412 1955 Ante
442 1927 493 1955 illa
520 1932 654 1964 tempora
683 1923 791 1955 Minos
822 1923 885 1954 Rex

105 1965 198 1997 Cretae
213 1965 297 1996 classe
311 1966 418 1996 transsit
434 1975 516 1996 mare
529 1965 672 2006 AEgeum.

146 2017 194 2037 20.
217 2007 498 2044 V1ND1CAVIT]
536 2007 630 2038 Facio
658 2006 726 2037 recti
757 2007 884 2045 exempli

105 2049 264 2080 vindicavit
285 2050 348 2079 vim
368 2047 396 2077 &
417 2048 565 2086 injuriam
578 2049 627 2080 sibi
648 2048 759 2079 faciam
775 2049 805 2077 in
820 2048 886 2078 An-

104 2089 158 2120 dro
179 2099 216 2120 eo
230 2091 302 2120 filio.

104 2170 130 2201 E
179 2137 357 2171 XEMPLO]
380 2130 532 2170 Supplicio
547 2154 556 2170 ,
585 2140 682 2171 poena.
725 2130 885 2162 Terentius

118 2179 120 2181 ’
133 2181 181 2202 un.
197 2182 223 2209 5.
259 2196 264 2201 .
301 2196 307 2202 .

183 2180 361 2257 ngjtura
375 2213 504 2254 exempl-a
510 2214 609 2244 dicunt
621 2216 652 2243 in
666 2223 731 2243 eum
746 2212 882 2255 indtgna!

145 2253 189 2284 IM
200 2263 216 2284 P
223 2262 242 2284 Ε
251 2263 270 2283 1·
279 2263 302 2284 U
311 2255 356 2288 M]
380 2253 532 2284 incursum
548 2256 717 2293 piratarum.
756 2255 818 2285 Alii
833 2264 883 2284 ac-

101 2296 214 2334 cipiunt
235 2294 271 2324 de
293 2294 398 2333 injuria
412 2317 421 2332 ,
454 2304 503 2333 per
523 2295 633 2326 caedem
655 2295 807 2337 Androgei
829 2296 881 2326 filii

101 2336 206 2367 Elinoi
221 2335 258 2365 ab
272 2335 493 2366 Atheniensibus
509 2337 598 2366 illata.
620 2336 690 2367 Vid.
706 2339 882 2377 interprete3‚

101 2377 131 2408 &
146 2380 175 2408 in
189 2378 222 2408 iis
238 2376 395 2419 Heinfium
409 2377 439 2406 in
454 2377 564 2407 diversa
578 2378 743 2409 abeuntem.

144 2429 192 2450 21.
214 2417 271 2448 CA
282 2421 352 2455 ro]
381 2416 602 2448 Proverbialiter
622 2420 658 2450 de
673 2429 726 2458 eo,
748 2421 798 2459 qui
813 2430 881 2451 mo-

102 2461 215 2490 rofitate
235 2460 344 2499 ingenii
366 2460 470 2489 omnia
491 2460 581 2500 carpit
594 2483 603 2500 ‚
624 2462 703 2502 quafi
716 2461 839 2503 diceret,
860 2462 881 2492 ὃ

102 2501 193 2533 lector
200 2524 217 2540 7-
231 2500 347 2532 Catoni>
357 2500 455 2531 fimilis
465 2501 471 2532 Ξ

1510 1294 1721 1358 FAB.

977 1402 1024 1423 22.
1049 1392 1267 1428 Fauna]
1291 1392 1361 1423 Nec
1377 1395 1496 1425 minora
1510 1394 1631 1434 scripta,
1654 1406 1725 1435 qua-

934 1435 973 1464 lia
987 1435 1092 1464 fabula:
1113 1433 1245 1473 AEsopiae
1260 1456 1268 1470 ‚
1298 1444 1352 1464 nec
1374 1436 1490 1473 majora
1503 1460 1512 1475 ,
1534 1439 1633 1475 qualia
1646 1436 1725 1469 Tra-

934 1476 1037 1516 goediae
1051 1499 1059 1513 ‚
1081 1476 1129 1506 seu
1144 1474 1276 1516 Tragica
1293 1484 1467 1517 argumenta
1481 1501 1489 1517 ‚
1512 1487 1641 1517 quorum
1663 1479 1723 1518 spe-

935 1519 1033 1546 cimen
1050 1527 1129 1547 nunc
1143 1517 1292 1555 proposui.

977 1567 1013 1596 23
1047 1557 1156 1587 Nori
1179 1566 1392 1589 MOLESTUS
1421 1562 1538 1596 ESSE]
1582 1560 1722 1592 Minatur

934 1598 1100 1628 adversariis
1116 1621 1124 1637 ⁷
1153 1598 1171 1628 fi
1187 1598 1235 1628 fibi
1257 1598 1392 1629 scribenti
1415 1599 1528 1630 molesti
1543 1600 1613 1639 fint,
1635 1612 1721 1633 more

934 1647 1099 1678 poetarum.

977 1690 1023 1717 25.
1047 1680 1131 1710 Hoc
1156 1689 1256 1711 1LLis
1279 1681 1715 1717 1)1CTUMEST]SiCIib.1.

934 1721 991 1752 fab.
1008 1731 1034 1756 7.
1058 1722 1106 1751 lib.
1125 1731 1150 1750 1.
1165 1722 1221 1751 fab.
1237 1732 1285 1751 22.
1305 1731 1350 1751 lo.

1012 1763 1073 1792 lioc
1087 1766 1118 1791 in
1124 1762 1157 1800 se
1171 1762 1280 1793 clidium
1294 1763 1392 1793 dehent
1406 1763 1448 1793 illi
1462 1764 1610 1805 agnoscere,

932 1802 1001 1833 Lib.
1015 1813 1043 1842 4.
1061 1802 1082 1833 f.
1099 1812 1146 1832 22.

1135 1844 1195 1874 Hoc
1203 1845 1344 1886 scriptum
1360 1845 1393 1885 est
1407 1846 1470 1875 tibi.

930 1884 999 1916 Lib.
1015 1893 1042 1922 ς.
1057 1885 1077 1915 f.
1095 1894 1142 1914 22.
1157 1886 1263 1916 eodem
1278 1886 1377 1924 sensa,

1007 1926 1052 1956 llli
1065 1926 1205 1966 adsignari
1218 1927 1297 1957 debet
1312 1929 1366 1958 haec
1380 1929 1517 1957 narratio.

927 1966 995 1997 Lib.
1013 1977 1038 2007 3.
1056 1967 1076 1996 f.
1097 1977 1139 1996 12.

1006 2008 1071 2039 Hoc.
1082 2008 1137 2037 illis
1151 2019 1253 2038 narras

926 2048 994 2079 Lib.
1011 2059 1039 2088 4.
1056 2058 1102 2087 19.
1120 2048 1166 2079 18.

1006 2086 1075 2120 Tibi
1088 2090 1146 2120 dico
1161 2101 1260 2120 avare.

926 2130 986 2162 Lib
1012 2140 1037 2168 5.
1052 2141 1080 2170 9.
1097 2140 1124 2168 5.

1008 2173 1067 2216 Qui
1079 2171 1228 2202 doc‘liorem
1241 2171 1385 2210 emendat,
1397 2172 1456 2210 fibi
1469 2173 1529 2204 dici
1535 2181 1630 2215 putetss

966 2213 1004 2244 Sr
1026 2223 1097 2251 Qui
1121 2220 1272 2255 sruLTi
1295 2218 1543 2253 NAUSEANT]
1586 2216 1618 2247 Si
1654 2219 1706 2256 qui

924 2256 992 2291 sint,
1015 2263 1089 2293 quos
1104 2255 1164 2284 haec
1178 2263 1240 2284 non
1250 2261 1364 2292 juvant.

966 2295 1210 2326 26.C01-:LUM
1231 2300 1526 2335 V1TUPERANT]
1562 2296 1633 2328 Deo
1655 2300 1705 2338 ipsi

923 2337 1035 2368 faciunt
1049 2337 1222 2367 convicium
1236 2360 1246 2375 ,
1267 2336 1296 2366 δε
1316 2337 1519 2376 imprudentiae
1540 2339 1636 2377 ipsum
1657 2350 1705 2370 ac-

923 2378 1034 2409 cusant.
1078 2377 1272 2409 proverbialis
1296 2379 1389 2419 figura
1403 2380 1439 2409 de
1454 2381 1504 2418 iis,
1526 2381 1575 2419 qui
1590 2390 1646 2419 prae
1661 2382 1705 2411 ni-

923 2422 983 2451 mia
998 2419 1161 2458 sapientia,
1190 2421 1236 2449 vel
1258 2419 1375 2450 stultitia
1397 2422 1508 2459 potius,
1530 2423 1706 2460 pulcerrima

923 2463 1012 2491 etiam
1027 2460 1054 2491 &
1070 2460 1279 2491 absolutiffima
1294 2468 1390 2492 taxare
1405 2462 1563 2492 instituunt.
1595 2462 1705 2492 Graecis

922 2503 1056 2534 usitatam
1070 2502 1151 2533 fuisse
1165 2509 1242 2542 patet
1257 2511 1290 2533 ex
1305 2502 1396 2535 Suida
1410 2502 1438 2533 &
1452 2502 1625 2534 Zenodoro.

1033 2556 1109 2599 ΝΞ
1598 2555 1706 2588 AD
