2007 2771
316 60 648 124 LIBRI
707 60 784 124 V.
859 59 1344 124 FABULA
1399 64 1564 128 VII.

1661 89 1770 135 147

170 158 445 221 Adducit
472 160 694 242 pretiO,
742 157 1047 240 precibus,
1093 175 1153 219 ut
1182 161 1604 222 tantummodo

170 256 305 341 Ipso
335 257 607 318 ludorum
633 253 961 316 ostenderet
989 255 1105 317 sese
1143 256 1257 318 die.

175 356 298 440 Q
329 354 498 415 fimul
526 353 769 417 advenit
802 375 1004 415 rumor
1033 354 1110 415 de
1143 356 1424 426 tibicine,

165 457 381 516 Fremit
407 455 469 512 in
499 451 760 513 theatro:
796 453 1041 538 quidam
1073 451 1366 515 affirmant
1395 469 1725 521 mortuum,

172 551 433 635 Qdam
463 554 525 611 in
557 547 939 635 conspesstum
966 553 1338 637 proditurum
1365 552 1485 613 fine
1516 572 1694 612 mora.

163 650 381 710 Aulaeo
411 649 582 709 miffo
601 689 617 714 ‚
665 648 964 713 devolutis
999 651 1328 712 tonitrubus
1355 693 1373 718 ,

162 750 269 809 Dii
301 747 428 808 sunt
454 747 636 808 locuti
663 770 830 810 more
857 748 1210 810 transsatitio.

163 847 401 910 Chorus
432 850 676 911 redusto
706 867 878 915 tunc,
918 851 987 912 &
1016 865 1228 908 notum
1264 849 1557 908 canticum

161 944 489 1029 Imposuit,
532 951 694 1023 cujus
726 944 845 1006 haec
872 942 984 1005 fuit
1014 941 1333 1005 sententia:

160 1044 469 1102 LAETARE
496 1060 894 1101 INCOLUMIS
926 1042 1136 1102 ROMA
1175 1039 1760 1098 SALVOPRINCIPE.

160 1143 230 1202 In
261 1142 489 1227 plausus
520 1142 954 1205 consurrectum
983 1142 1063 1199 est
1080 1162 1101 1208 ,·
1151 1140 1322 1215 jactat
1349 1138 1503 1199 bafia

200 1340 247 1372 18.
270 1340 445 1382 Par-2110,
466 1339 940 1383 paremusfferentiusliun.

157 1389 185 1420 5.
200 1391 228 1421 9.
245 1392 293 1422 24.

443 1423 553 1464 Perfice
569 1424 617 1455 hoc

233 1462 368 1495 Precibus
385 1488 393 1503 ⁷
408 1469 502 1506 pretio
517 1473 550 1496 ut
564 1466 685 1496 haeream
701 1464 798 1508 aliqua
813 1467 845 1495 in
853 1472 939 1507 parte

312 1513 409 1536 tamen
422 1508 499 1548 apud
516 1503 668 1537 Thaidem.

153 1545 298 1578 Horatius
312 1548 417 1578 etiam:

276 1587 364 1618 Nunc
372 1597 470 1630 prece,
492 1600 565 1618 nunc
574 1591 673 1629 pretio.

152 1626 224 1658 Nos
239 1627 336 1670 Belgae
350 1640 356 1660 :
392 1630 440 1671 Hy
460 1631 556 1671 brengt
571 1630 610 1659 ’er
623 1630 688 1660 hem
702 1635 744 1658 toe
759 1635 816 1658 met
826 1627 887 1671 gelt
903 1639 938 1657 en

150 1669 234 1711 goede
248 1670 387 1700 woorden.

196 1720 244 1740 20.
280 1710 359 1751 Qui
389 1719 514 1742 simut
548 1719 731 1742 ADvrmr
761 1711 937 1751 Rumon]

154 1750 215 1790 Qui
236 1762 337 1782 rumor
359 1752 480 1784 simulac
500 1752 707 1794 dispergeretur
728 1776 736 1790 ‚
780 1760 937 1783 venturum

152 1802 260 1832 nempe
281 1792 469 1834 Principem,
507 1794 661 1826 fremitum
681 1795 786 1824 excitat
808 1795 837 1824 in
859 1795 938 1824 thea-

154 1840 209 1864 tro.

195 1885 244 1916 23.
267 1875 420 1908 AULAEO
442 1877 591 1917 Mrsso]
626 1876 708 1908 Cum
742 1876 936 1907 dimitteretur

153 1919 294 1955 aulaeum,
317 1918 379 1956 post
395 1919 475 1957 quod
492 1918 602 1948 stabant
617 1918 739 1949 aelores.
762 1918 914 1949 Heinlius:

271 1957 367 1989 Aulaeo
381 1959 470 2001 mffi,
491 1959 628 1990 devolutis
641 1960 810 1998 tom‘trubw,

271 1998 343 2030 Diis
357 2001 486 2031 collacum
501 2012 575 2031 more
589 2003 775 2040 transsatitio,

272 2039 376 2072 Chorux
391 2042 501 2073 reduc‘lo
520 2041 574 2072 &c.

193 2079 435 2115 Devoturis
469 2084 768 2124 TONiTRUBUS]
810 2082 934 2113 Fiebant

154 2121 213 2151 haec
233 2122 305 2153 saxis
326 2124 444 2163 dejeetis
464 2125 527 2164 post
549 2125 668 2156 scenam
683 2148 691 2164 ,
727 2134 841 2166 magno
862 2134 933 2155 cum

152 2162 277 2202 fragore.

198 2213 243 2243 24.
266 2204 391 2236 MoRE
414 2206 934 2246 TRANSLAT1T10]QuotranS-

155 2245 318 2276 ferebantur
333 2248 363 2276 in
378 2247 496 2277 scenam
512 2273 521 2287 ‚
543 2251 638 2280 ornati
653 2249 813 2290 magnifice
827 2273 835 2287 ,
863 2258 933 2279 cum

156 2288 328 2318 intervenire
342 2288 553 2320 difficilioribus
569 2292 691 2332 negotiis
706 2291 857 2328 deberent,
867 2300 929 2320 ma-

156 2329 248 2358 chinae
261 2328 384 2365 alicujus
399 2329 532 2361 subsidio.
554 2332 736 2371 Quanquam
752 2341 800 2370 per
815 2333 934 2370 transta-

155 2374 257 2400 titium
280 2372 401 2411 intelligi
423 2371 514 2410 potest
528 2374 641 2412 pridem
654 2373 840 2412 usurpatum,
862 2383 935 2403 con-

155 2412 270 2442 suetum
287 2412 314 2442 ὃ(
328 2415 491 2453 vulgarem.

198 2462 244 2491 25.
267 2452 295 2485 R
303 2463 320 2484 E
330 2463 353 2484 D
362 2464 383 2485 U
393 2463 409 2485 c
420 2463 439 2485 T
450 2455 492 2495 ο]
519 2453 652 2486 Tibicini
669 2466 775 2495 nempe
789 2465 850 2487 una
864 2465 934 2487 cum

1509 1238 1767 1301 Tibicen

986 1339 1109 1377 caeteris,
1132 1347 1165 1368 ex
1180 1338 1285 1376 quibus
1306 1339 1412 1368 chorus
1434 1338 1592 1369 constabat.
1635 1339 1766 1372 Positum

985 1381 1023 1410 cst
1039 1389 1092 1418 pro
1105 1380 1262 1409 introducto
1271 1403 1279 1417 ‚
1293 1380 1380 1410 denuo
1393 1380 1474 1410 dudo
1487 1384 1518 1411 in
1530 1380 1674 1412 theatrum
1683 1405 1690 1421 ,
1699 1383 1767 1421 quia

984 1420 1157 1461 promiserat
1172 1421 1201 1450 se
1215 1420 1397 1451 ostensurum
1411 1421 1449 1451 se.

1024 1470 1071 1499 27.
1094 1461 1276 1493 LAETARE
1299 1471 1520 1493 INCOLUMIS
1543 1462 1684 1505 ROMA]
1707 1464 1766 1495 Re-

981 1505 1063 1543 spicit
1078 1513 1195 1534 morem
1211 1504 1398 1534 acclamandi
1412 1504 1602 1542 Principibus.
1646 1505 1689 1536 Ita
1703 1505 1766 1536 Ro-

982 1556 1053 1582 mae,
1076 1546 1200 1582 acceptis
1221 1545 1257 1575 de
1281 1553 1450 1583 recuperata
1465 1544 1639 1576 Germanici
1655 1548 1767 1577 valetu-

980 1587 1049 1617 dine
1064 1586 1179 1616 nunciis
1187 1609 1195 1624 ‚
1217 1588 1416 1616 exclamatum
1430 1609 1438 1624 .,
1468 1584 1488 1615 S
1497 1595 1520 1616 Α
1529 1595 1548 1616 L
1556 1596 1574 1616 v
1584 1596 1607 1617 Α
1629 1586 1658 1617 R
1667 1597 1686 1617 o
1694 1597 1717 1617 M
1726 1598 1749 1618 A
1757 1612 1766 1627 ‚

980 1637 1020 1658 SA
1034 1636 1112 1659 LVA
1134 1635 1308 1665 PATR1A,
1337 1634 1491 1658 SALVUS
1512 1636 1579 1658 EST
1603 1627 1766 1659 GERMA-

980 1678 1043 1701 Nrc
1054 1676 1110 1699 υς.
1153 1667 1190 1698 Et
1220 1668 1347 1698 fimiliter
1374 1668 1410 1698 de
1440 1668 1613 1699 Alexandro
1639 1669 1766 1711 Severo,

978 1710 1118 1742 SALVA
1153 1708 1278 1740 ROMA
1292 1733 1300 1749 ,
1342 1719 1444 1748 QuiA
1480 1718 1632 1741 SALVUS
1668 1711 1765 1743 ALE-

979 1761 999 1782 x
1008 1762 1030 1783 A
1041 1764 1061 1784 N
1070 1761 1091 1782 1)
1099 1760 1117 1781 E
1127 1759 1157 1780 R.

1021 1793 1067 1824 28.
1118 1791 1158 1822 ΙΝ
1201 1799 1384 1824 PLAUSUS
1420 1800 1762 1826 CONSURRECTUM

978 1844 995 1865 E
1006 1842 1049 1866 ST
1068 1834 1079 1872 l
1125 1832 1221 1864 Simul
1243 1835 1279 1864 ab
1301 1835 1442 1864 omnibus
1463 1834 1623 1865 surree'tum
1645 1835 1684 1866 est
1697 1859 1705 1874 ‚
1731 1843 1762 1866 ut

978 1876 1094 1915 plausus
1115 1875 1241 1906 ederent.
1287 1875 1401 1906 Stantes
1429 1877 1511 1906 enim
1533 1876 1593 1906 fere
1614 1877 1739 1907 edebant
1753 1902 1762 1915 ,

977 1917 1134 1957 praescrtim
1149 1917 1168 1947 fi
1184 1918 1240 1947 hoc
1255 1916 1396 1956 Principis
1411 1917 1497 1948 causa
1510 1917 1648 1948 facerent.
1691 1917 1763 1948 Sue-

979 1961 1077 1990 tonius
1096 1958 1246 1999 Augusto,
1268 1958 1457 1999 Affitrrelt'um
1478 1962 1506 1988 ei
1519 1959 1553 1988 ab
1567 1960 1706 1997 um'verfis
1721 1959 1760 1995 &²

977 2001 1138 2041 astantibm
1146 2000 1287 2041 plausum.
1330 2000 1446 2030 Αυξὶοῑ
1473 1998 1597 2041 Dialogi
1623 2001 1660 2031 de
1674 2002 1760 2031 claris

977 2042 1127 2073 Oratorib.
1170 2037 1250 2081 Testis
1272 2042 1326 2082 ipse
1340 2041 1453 2083 populux
1467 2065 1475 2079 ‚
1509 2045 1559 2083 qui
1580 2042 1683 2072 auditi}
1703 2054 1760 2082 eju,-

977 2085 988 2123 (
998 2084 1114 2123 Virgilii
1125 2085 1135 2120 )
1165 2083 1288 2120 verstlms
1307 2083 1439 2122 surrexit
1467 2084 1625 2122 univeffits.
1668 2083 1757 2122 Ap'ui.

977 2125 1109 2164 Apolog.
1132 2123 1174 2153 lln'
1188 2135 1233 2165 ego
1248 2128 1398 2165 comperior
1412 2147 1420 2161 ,
1442 2134 1534 2153 omnes
1547 2125 1662 2166 judices
1680 2132 1758 2155 tanta

968 2172 1057 2206 poetic
1079 2163 1268 2205 cidfurrextffin
1290 2176 1308 2194 1.
1323 2175 1347 2194 e.
1371 2167 1399 2195 in
1419 2165 1562 2204 plausum.
1605 2166 1758 2197 Arnobius

976 2208 1023 2238 lib.
1036 2218 1065 2248 4.
1086 2206 1287 2245 Conclamant,
1308 2206 1346 2242 ἐξ
1360 2208 1513 2248 adsurgunt
1525 2207 1645 2237 theatra.
1662 2208 1757 2239 Gtaeci

974 2264 1084 2287 vocam
1107 2252 1269 2293 οἱνοιπηὸςῖν
1293 2250 1327 2284 ὅζ
1345 2253 1560 2286 &avinne-u.

1017 2297 1031 2335 J
1041 2308 1064 2328 A
1072 2306 1089 2327 c
1101 2305 1119 2326 T
1129 2305 1150 2327 A
1160 2305 1180 2326 T
1202 2306 1218 2327 B
1226 2305 1249 2328 A
1258 2306 1270 2326 s
1279 2296 1340 2335 m]
1365 2297 1421 2328 Ori
1436 2297 1560 2328 admota
1572 2308 1674 2335 manu,
1683 2297 1757 2336 spar-

976 2339 1017 2380 git
1034 2349 1062 2369 in
1078 2341 1199 2379 vulgus,
1219 2340 1379 2379 gratiarum
1394 2339 1575 2380 agendarum
1591 2339 1686 2369 cansa.
1709 2338 1758 2368 Sic

976 2382 1057 2411 enim
1073 2380 1205 2411 solebant
1219 2405 1226 2417 ,
1250 2382 1363 2419 quoties
1378 2381 1526 2411 declarare
1543 2382 1679 2410 animum
1694 2389 1757 2420 gra-

975 2429 1040 2452 tum
1055 2446 1063 2460 ‚
1092 2430 1140 2453 aut
1161 2432 1284 2461 quoquo
1307 2423 1400 2453 modo
1417 2423 1549 2453 deditum
1565 2423 1625 2451 :iim
1640 2423 1757 2450 vellent.

976 2463 1077 2495 Ficbat
1091 2472 1191 2534 auffem
1206 2473 1297 2495 manu
1315 2467 1445 2503 primum
1460 2463 1581 2494 admota
1596 2463 1652 2500 ori,
1677 2462 1757 2531 deig—

1180 2515 1194 2534 z
1741 2511 1756 2531 e

1781 378 1830 403 20
