2007 2771
204 95 494 161 LIBRI
544 97 679 163 IV,
746 93 1169 159 FABULA
1224 91 1508 160 XXIV.
1602 116 1706 167 125

374 245 439 326 F
500 272 503 277 ·
552 244 631 326 A
746 246 828 325 B.
992 243 1070 325 X
1114 243 1194 324 X
1250 244 1285 324 Ι
1340 241 1455 326 V..

210 400 718 443 SIMONIDES
775 402 815 441 A
870 401 1055 441 DIIS
1113 397 1591 441 SERVATUS,

243 541 284 584 U
305 541 341 583 A
357 542 398 583 Ν
418 541 462 585 Τ
479 540 522 584 U
539 540 588 583 Μ
632 521 893 584 valerent
937 523 1086 581 inter
1114 518 1386 581 homines
1417 520 1590 580 literae
1607 559 1626 585 2

236 623 383 684 Dixi
412 617 700 703 superius:
747 635 997 703 quantus
1036 640 1193 679 nunc
1223 606 1332 679 illis
1361 617 1556 680 honos

102 724 166 783 A
205 718 414 805 superis
447 715 513 778 sit
546 717 791 778 tributus
812 766 828 791 ,
871 715 1098 778 tradam
1125 719 1440 777 memoriae.

188 818 218 864 ἿῘ
268 815 602 878 Simonides
630 816 791 877 idem
817 815 945 887 ille,
988 813 1064 874 de
1095 834 1217 897 quo
1246 814 1474 879 rettuli,

102 915 363 981 νὶθεοῐὶε
393 913 630 976 laudem
660 913 898 975 cuidam
924 914 1111 997 pyctae
1141 930 1204 973 ut
1230 909 1538 987 scriberet,
1713 927 1742 974 ‘5‘

101 1019 289 1079 Certo
334 1015 610 1079 condixit
635 1020 854 1101 pretio:
906 1012 1188 1076 secretum
1221 1017 1393 1099 petIt.

100 1121 337 1202 Exigua
365 1140 555 1203 quum
579 1118 831 1180 frenaret
857 1119 1099 1177 materia
1125 1119 1461 1199 impetum,

98 1215 257 1280 Usus
285 1229 467 1300 poetae
484 1257 502 1284 ‚
549 1233 613 1278 ut
642 1221 823 1280 moris
851 1215 965 1283 est,
1012 1216 1251 1277 licentia
1265 1256 1286 1279 ,-

102 1318 304 1400 Atque
330 1316 671 1400 interposuit
693 1319 935 1399 gemina
965 1314 1146 1377 Ledae
1172 1311 1356 1375 fidera
1373 1352 1392 1378 ,

1470 1410 1704 1472 Auffoe'

564 1514 670 1545 AD
750 1514 1251 1548 FABXXIV.

141 1595 151 1615 1
159 1608 166 1614 .
188 1581 219 1624 Q
228 1593 249 1615 U
258 1593 280 1614 Α
288 1595 308 1615 Ν
317 1593 336 1614 τ
345 1592 398 1616 UM
420 1594 439 1614 v
448 1594 471 1615 A
480 1593 498 1614 L
507 1592 524 1614 Ε
535 1592 554 1613 R
563 1593 581 1614 E
591 1594 610 1614 Ν
619 1585 659 1619 τ]
683 1584 818 1623 Quantas
835 1585 878 1615 di-
919 1584 993 1612 tioni
1008 1582 1035 1612 ἃ
1051 1583 1174 1613 verfibus
1189 1583 1330 1613 faciendis
1344 1587 1456 1620 aptum.
1479 1580 1608 1612 Ovidius
1616 1581 1717 1613 Trist„

96 1626 180 1656 vitias
194 1626 303 1655 scilicet
317 1627 411 1656 homo
419 1625 522 1656 dociuS
537 1627 566 1655 in
581 1624 610 1655 se
624 1624 737 1664 semper
752 1627 876 1665 haberet,
919 1625 968 1654 lib.
986 1634 1022 1654 1..

95 1674 127 1696 ut
141 1667 211 1697 dixit
224 1667 360 1706 superius.
999 1664 1142 1695 Carmina
1148 1663 1279 1705 Jeceffum
1285 1663 1431 1703 scribtum·
1446 1662 1486 1697 ἐς)
1493 1666 1552 1693 otia
1565 1672 1712 1706 quaerunts

139 1717 166 1737 2..
189 1707 320 1738 SUPER
330 1716 390 1737 ως
405 1708 417 1742 ]
445 1707 559 1738 Fabula
580 1718 627 1737 21.
649 1708 679 1737 in
702 1717 760 1746 qua
780 1709 877 1738 retulit
960 1705 1009 1736 Pi:
1019 1715 1037 1736 T
1047 1716 1055 1736 1
1066 1708 1107 1742 T]
1130 1705 1217 1736 Petlt
1230 1714 1283 1744 pro
1292 1708 1381 1746 petiit
1395 1728 1403 1744 ,
1425 1711 1456 1734 ut
1471 1705 1500 1734 in
1515 1706 1610 1743 priore
1624 1705 1707 1735 fabu,

96 1747 299 1779 Simonidem?
314 1748 491 1788 naustagum
520 1747 659 1778 inveniffe
685 1748 878 1780 Clazomenae
920 1749 948 1777 la
962 1747 998 1777 de
1013 1747 1170 1777 Simonide
1178 1746 1268 1787 perlt.

96 1791 195 1820 virum
204 1813 217 1828 ,.
238 1791 288 1828 qui
302 1782 380 1820 hiinc
395 1790 551 1828 exceperit,
572 1791 781 1829 ornaveritque
794 1791 877 1820 rebus
962 1795 990 1827 7.
1014 1788 1039 1818 F
1048 1796 1068 1817 R
1077 1797 1095 1817 E
1106 1798 1125 1818 Ν
1135 1796 1157 1817 Α
1167 1797 1187 1818 R
1197 1796 1214 1817 E
1224 1797 1244 1818 T
1260 1790 1272 1824 ]
1322 1786 1512 1825 Metaphora.
1556 1787 1709 1817 cohiberet

95 1832 299 1869 omnibus,ob
312 1822 389 1861 islius
403 1832 553 1869 peritiam,
567 1831 802 1872 singularemque
815 1841 878 1862 eru·
919 1836 1035 1868 propter
1050 1828 1133 1858 suam
1144 1829 1337 1869 exiguitatem
1346 1852 1354 1867 ‚
1370 1834 1401 1858 ut
1416 1828 1508 1858 libero
1523 1829 1634 1866 impetu
1643 1838 1710 1859 non·

96 1872 250 1903 ditionem.
919 1870 1010 1909 posset
1024 1871 1148 1910 evagari.

137 1912 173 1944 N
182 1923 204 1944 U
213 1924 232 1945 Ν
241 1914 279 1948 c]
302 1913 392 1944 Nunc
406 1912 652 1954 conjungendum
667 1923 739 1944 cum
752 1915 876 1944 tradam.
961 1910 988 1941 8.
1011 1910 1040 1942 L
1050 1920 1083 1942 1C
1092 1920 1110 1941 E
1119 1923 1138 1942 Ν
1147 1920 1166 1941 1·
1176 1913 1237 1947 1A]
1269 1909 1390 1941 Poetica
1412 1910 1543 1941 libertate
1564 1909 1630 1940 usus
1652 1909 1715 1949 estJ

138 1965 166 1996 3.
187 1954 429 1990 TRIBUTUS]
459 1954 509 1985 Sic
534 1956 658 1985 tribuere
680 1955 807 1986 honorem
828 1957 877 1986 lib.
921 1962 1012 1991 quam
1035 1957 1161 1983 veniam
1175 1952 1246 1982 dixit
1267 1951 1411 1982 Horatius
1434 1952 1465 1982 in
1485 1951 1561 1982 libro
1581 1951 1618 1981 de
1632 1950 1713 1982 Arte*

98 2006 124 2027 1.
141 1997 160 2027 f.
178 2005 204 2035 7.
227 1996 329 2036 Quem
344 1998 449 2027 locum
463 1996 520 2026 adi.
918 1995 1043 2033 poetica.

137 2036 198 2068 ΤΕ
207 2046 289 2068 ADA
299 2047 324 2068 M
346 2047 427 2069 MEM
438 2038 561 2074 0R1AE]
592 2037 737 2077 Prodam⁷
759 2037 876 2077 posteri-
1164 2035 1328 2065 Pistoribm
1342 2041 1426 2076 atque
1435 2033 1521 2075 poitir

97 2080 147 2109 tati
164 2080 342 2119 relinquam.
1002 2076 1148 2119 Quidlibet
1162 2076 1286 2106 audendi
1299 2077 1412 2116 semper
1417 2077 1481 2113 fuit
1495 2086 1574 2117 aequa
1582 2075 1717 2116 pote-’stan

140 2130 167 2158 5.
188 2120 389 2156 LAUDEM]
425 2118 537 2150 Talem
559 2144 568 2158 ‚
604 2122 697 2159 qualis
720 2120 877 2150 victoribus
1002 2122 1111 2149 &rmus
1125 2141 1134 2156 ,
1155 2117 1194 2152 ἐς)
1208 2118 1279 2147 hanc
1300 2120 1419 2147 veniam
1434 2116 1613 2159 petimusque
1626 2139 1635 2154 ‚
1656 2117 1705 2146 da-

97 2162 182 2191 tribui
197 2162 322 2201 solebat,
343 2162 393 2201 qui
409 2160 540 2192 vixissent
556 2163 586 2192 in
600 2161 768 2201 spectaculo
782 2161 879 2192 solen-
1085 2159 1198 2200 musque
1214 2157 1343 2197 viciffim.

101 2204 140 2233 ni.
963 2211 991 2240 9.
1014 2200 1313 2237 INTERPOSUH]
1339 2198 1416 2229 Inter
1431 2208 1466 2228 ea
1481 2221 1490 2237 ,
1512 2207 1576 2239 quae
1590 2198 1711 2237 proprie

140 2243 213 2273 Pvc
223 2247 297 2281 τε]
320 2243 415 2285 Pugili
428 2243 549 2283 victori,
571 2251 727 2275 coronato.
757 2243 825 2274 Vox
841 2243 879 2273 est
922 2249 1129 2283 argumentum
1144 2240 1314 2280 postulabat.

99 2293 204 2324 Graeca
226 2286 349 2325 πύκτης.
963 2283 1140 2320 SirmRA]
1164 2281 1290 2312 Pertinet
1305 2281 1341 2311 ad
1353 2283 1478 2321 gemina.
1521 2278 1599 2311 Non
1623 2281 1704 2311 enirn

139 2336 168 2364 6,
191 2333 370 2364 C0N1>1X1
381 2339 422 2372 T]
445 2333 580 2364 psomjfit
594 2337 709 2372 petenti,
921 2332 1002 2355 erant
1017 2323 1108 2354 Leda:
1122 2323 1209 2354 sidera
1223 2347 1231 2363 ,
1253 2323 1301 2354 sed
1317 2323 1368 2353 filii
1385 2345 1393 2359 ,
1416 2323 1465 2360 qui
1488 2322 1572 2352 fimul
1589 2322 1709 2354 fuerunt

139 2375 161 2406 P
172 2375 315 2411 RETro]
339 2373 428 2405 Nam
443 2398 451 2413 ‚
479 2382 511 2405 ut
530 2375 657 2406 vidimus
674 2400 682 2415 ,
704 2377 821 2416 quaestui
837 2387 880 2407 as-
922 2367 1010 2397 fidcra
1023 2391 1031 2403 7
1055 2365 1178 2396 Gemini
1194 2389 1202 2403 ‚
1224 2366 1353 2403 itemque
1367 2363 1472 2394 Castor
1487 2362 1514 2392 &
1530 2362 1638 2393 Pollux
1651 2371 1703 2391 vo—

98 2424 160 2447 tem
175 2416 260 2446 suam
275 2416 375 2446 habuit
390 2440 398 2453 ,
921 2416 995 2439 cata.
1018 2407 1066 2437 Dc
1081 2408 1123 2437 his
1139 2407 1281 2437 Horatius
1296 2406 1435 2437 Odarum
1451 2406 1499 2435 lib.
1517 2414 1542 2434 1.

177 2457 310 2488 Mercede
320 2458 406 2498 pasta
420 2457 532 2487 laudem
547 2458 690 2488 vifflorum
705 2470 812 2489 canens.
1001 2449 1048 2479 Sic
1057 2450 1080 2486 f
1076 2456 1164 2478 ratres
1178 2448 1292 2479 Helen&
1306 2446 1502 2484 lucidasidera
1512 2468 1520 2484 ν

138 2498 209 2531 δεε
219 2500 382 2536 RETUM]
405 2497 529 2531 Locum
549 2499 712 2531 solitarium
726 2524 734 2540 ‚
757 2501 884 2540 medita-
1042 2490 1246 2538 Ventorqmque
1259 2496 1338 2532 regat
1353 2487 1454 2521 Pater.

1015 2539 1047 2579 Q
1070 2548 1084 2580 3
1478 2544 1522 2566 ιο.
1545 2534 1705 2564 Aucto-
