2007 2771
379 99 565 158 DE
706 96 1439 155 PHAEDRxo.

118 202 292 255 rapinas,
327 202 531 255 vulpinam
565 198 760 240 vafritiem
773 222 784 241 ,
821 211 908 237 cum
929 197 1088 238 leonina
1109 197 1260 238 feritate
1281 201 1320 236 &
1338 196 1528 237 violentia
1546 196 1710 248 conjun-

119 270 231 309 stam.
304 269 437 321 Qare
458 267 577 309 miror
599 266 850 306 vehementer
867 290 879 309 ,
916 258 995 304 cu?
1010 265 1209 305 affirmarit
1234 265 1400 308 Seneca,
1436 263 1626 317 Aisopios
1654 264 1712 303 lo-

119 349 192 392 gos
211 335 285 376 esse
303 337 538 377 intentatum
554 334 750 376 Romanis
768 333 939 388 ingeniis
961 346 1083 386 opus:
1122 347 1209 372 cum
1230 330 1441 371 Phaedrum
1470 333 1574 372 hunc
1597 332 1713 373 habe-

119 415 198 448 ret,
236 417 352 456 quem
369 417 576 457 opponere
597 401 724 457 posset
744 402 819 441 toti
849 401 1024 440 Graeciae.
1095 400 1204 439 Nam
1229 399 1338 453 quod
1370 400 1574 441 clarissima
1600 400 1710 439 lumi-

117 486 167 512 na
191 470 397 524 superioris
415 471 539 511 saeculi
559 471 662 513 duo,
698 470 836 509 Petrus
850 469 1032 508 Pithoeus
1053 467 1233 521 &Justus
1254 467 1408 522 Lipsius
1432 466 1713 522 prodiderunt,

116 551 206 578 vere
227 537 270 577 id
292 541 313 579 a
332 540 477 580 Seneca
495 539 641 580 distum
654 560 667 586 5
707 538 798 592 quia
819 536 1004 577 Phaedrus
1023 551 1103 576 non
1127 549 1269 591 genere
1288 547 1354 575 aut
1372 548 1461 576 ortu
1482 536 1689 576 Romanus
1703 561 1714 580 ,

116 605 180 645 scd
199 605 352 652 Thrax,
388 607 584 661 sicutipse
612 605 790 646 testatum
811 604 973 658 reliquit
991 627 1003 646 2
1040 603 1131 644 estet
1155 618 1162 641 :
1200 604 1328 643 minus
1358 617 1403 644 ea
1422 603 1640 657 probabilis
1657 604 1714 642 vi-

116 673 229 714 detur
259 674 455 729 expositio
485 676 648 716 Senecae.
722 673 842 727 Qasi
878 685 972 713 vero
1005 673 1202 713 Romanis
1238 672 1408 726 ing-ensis
1427 686 1528 727 opus
1546 672 1714 713 intenta—

115 755 221 784 tum,
259 743 305 783 s1t
324 743 538 797 quidquam
557 740 661 784 aliud
687 768 697 787 ,
733 755 851 796 quam
873 740 995 782 literis
1021 740 1197 780 nondum
1221 739 1450 781 illustratum
1482 753 1554 780 nec
1582 740 1713 780 elabo-

114 821 240 852 ratum
259 824 382 865 opus:
420 822 486 852 aut
503 810 699 852 comoedia
729 809 847 850 fuerit
873 822 1025 848 carmen
1052 809 1243 848 intactum
1267 807 1464 848 Romanis
1486 834 1497 852 ,
1536 808 1714 860 quamvis

114 877 155 918 id
172 878 275 919 solus
291 879 455 920 natione
472 879 568 919 Afer
586 879 795 920 Terentius
817 876 1028 916 tradhisset:
1066 887 1132 916 aut
1153 876 1179 914 fi
1200 875 1441 930 percenseret
1463 877 1629 920 Seneca,
1642 876 1711 928 qui

112 945 407 1000 philosophiam
427 946 632 1001 scriptores
652 947 791 986 Latine
812 945 1092 998 explicassent;
1129 943 1177 984 de
1201 958 1249 983 eo
1278 942 1314 983 se
1337 958 1500 986 numero
1526 945 1713 984 eximeret

111 1014 213 1068 ipse5
251 1025 461 1068 propterea
482 1014 590 1068 quod
609 1016 770 1054 natione
790 1010 895 1051 foret
920 1012 1142 1065 Hispanus,
1179 1012 1307 1065 patria
1329 1013 1604 1054 Cordubensis.
1658 1016 1711 1052 At

110 1095 193 1121 non
213 1083 358 1121 exemit
379 1082 653 1135 Qintilianus
666 1108 676 1127 ,
714 1084 783 1135 qui
808 1093 888 1132 quo
908 1079 999 1120 loco
1018 1079 1068 1118 de
1088 1079 1341 1133 philosophis
1361 1082 1442 1136 egit
1464 1082 1636 1125 Latinis,
1651 1080 1712 1121 his

109 1148 220 1190 illum
240 1149 482 1202 potissimum
503 1150 773 1191 annumeravit
783 1170 796 1195 ‚-
835 1161 922 1187 cum
941 1149 1042 1188 inter
1061 1158 1257 1191 oratores,
1296 1151 1335 1187 &
1356 1153 1518 1202 poetas,
1557 1153 1594 1188 &
1613 1149 1711 1190 alios

111 1216 251 1258 diversi
269 1218 420 1271 generis
438 1218 645 1272 scriptores
665 1215 853 1272 potuisset
869 1214 1018 1256 referre.
1090 1214 1223 1254 Citius
1252 1213 1418 1256 dixerim
1443 1218 1628 1257 Senecam
1647 1218 1708 1258 vel

109 1298 248 1339 parum
266 1284 332 1324 hic
354 1286 583 1329 attendisse,
620 1286 717 1339 quid
733 1284 933 1324 scriberet:
970 1284 1032 1323 vel
1054 1282 1178 1326 istud,
1216 1294 1259 1322 ut
1278 1283 1374 1327 alia,
1410 1284 1579 1325 oblitum
1601 1298 1711 1339 pror-

111 1353 171 1393 sus
188 1379 198 1397 ‚
235 1354 434 1393 memoriae
463 1354 564 1394 vitio
594 1353 776 1406 peccasse.
846 1351 955 1391 Nam
984 1352 1155 1407 maligne
1185 1351 1232 1390 ab
1255 1364 1303 1391 eo
1325 1351 1520 1393 &invide
1540 1355 1710 1408 praeteri-

111 1432 194 1461 tum
213 1419 442 1466 Phaedrum,
477 1421 584 1475 quafi
604 1435 679 1475 pro
698 1419 829 1461 nihilo
850 1430 1026 1473 putaret,
1064 1430 1130 1460 aut
1149 1419 1191 1459 in
1222 1419 1378 1461 honore
1399 1435 1442 1462 ac
1466 1423 1599 1474 pretio
1623 1422 1709 1462 nolr

110 1489 164 1531 let
192 1488 288 1533 esse,
326 1490 347 1529 a
375 1488 484 1541 cujus
520 1490 714 1531 munditia
742 1493 781 1529 ὃς
811 1489 940 1528 nitore
962 1487 1105 1529 abesset
1126 1498 1204 1528 tam
1226 1488 1388 1541 procul;
1425 1489 1494 1530 etfi
1514 1503 1597 1530 non
1618 1490 1710 1532 alie-

110 1571 204 1597 num
224 1556 377 1597 videtur
397 1558 581 1602 crimine,
619 1558 728 1612 quod
748 1557 785 1597 ei
804 1556 1077 1610 Qintilianus
1095 1581 1106 1600 ,
1147 1559 1186 1594 &
1208 1556 1416 1597 Suetonius
1437 1583 1448 1602 ,
1485 1573 1528 1599 ac
1546 1557 1710 1599 Tacitus

111 1625 229 1666 etiam
245 1624 438 1666 inferunt:
476 1626 602 1666 nolim
623 1638 752 1667 tamen
773 1624 907 1668 facile,
944 1638 988 1665 ac
1005 1624 1111 1665 nulla
1131 1625 1283 1665 ratione
1303 1624 1527 1669 manifesta,
1555 1625 1604 1666 de
1623 1638 1707 1666 tan-

112 1703 156 1733 to
175 1692 262 1733 viro
281 1692 398 1733 credi.
467 1694 570 1734 Illud
592 1694 858 1738 verisimilius,
894 1692 1144 1746 iniquissimis
1160 1692 1337 1736 Tiberii,
1360 1693 1709 1749 Caligulae,Clau-

111 1760 188 1804 dii,
225 1760 402 1800 Neronis
431 1763 699 1815 temporibus,
737 1775 824 1802 cum
853 1761 996 1814 scripta
1027 1762 1166 1801 edistis
1197 1759 1446 1802 abolerentur
1473 1766 1511 1802 &
1543 1762 1711 1802 senatus-

112 1827 319 1873 consultis,
356 1828 383 1868 fi
403 1829 466 1868 cui
485 1829 619 1870 Poe'tae
638 1842 703 1870 aut
725 1829 912 1870 historico
938 1829 1101 1869 verbum
1122 1826 1324 1870 excidisset
1344 1841 1617 1883 opportunum
1643 1830 1712 1870 de-

112 1896 251 1937 lationi
273 1900 311 1936 &
327 1896 530 1937 calumniae
543 1917 555 1943 3
594 1912 681 1938 cum
700 1912 750 1938 ne
768 1898 897 1937 liberae
918 1896 1076 1950 quidem
1104 1897 1246 1938 reliffihc
1267 1897 1530 1952 cogitationes
1550 1916 1562 1943 5
1600 1902 1638 1938 St
1662 1913 1707 1937 o-

113 1965 227 2018 pinio
255 1965 370 2006 tacita
397 1964 446 2007 de
476 1966 682 2020 principe,
719 1965 873 2006 sicunde
901 1966 960 2006 vel
988 1979 1034 2005 ex
1057 1966 1166 2006 vultu
1186 1968 1296 2021 argui
1316 1965 1462 2018 posset,
1500 1965 1708 2018 majestatis

112 2046 175 2072 rea
194 2032 303 2072 fieret
328 2048 334 2070 :
371 2033 545 2074 libellum
573 2034 784 2075 fabularcm
806 2058 817 2077 ,
854 2033 960 2086 cujus
988 2035 1028 2074 in
1051 2034 1234 2088 apologis
1267 2033 1461 2087 plerisque
1482 2048 1587 2074 mera
1604 2033 1708 2073 illius

112 2099 235 2139 saeculi
252 2100 427 2156 tyrannis
443 2114 663 2147 notaretur,
700 2102 938 2156 suppressum
958 2102 1069 2143 fuisse
1087 2103 1301 2145 continuo,
1336 2116 1381 2142 ac
1405 2102 1600 2143 evanuisse
1622 2113 1707 2141 tan-

112 2166 221 2211 dem,
259 2173 300 2208 &
320 2168 544 2223 ignoratum
562 2172 585 2211 a
605 2172 749 2212 Seneca
766 2196 778 2216 ,
815 2175 855 2210 &
874 2171 1034 2223 reliqua:
1059 2170 1297 2224 posteritatis
1322 2170 1438 2211 oculo
1467 2169 1707 2210 subduecum.

114 2234 174 2275 Ita
193 2234 266 2276 fuit
283 2247 395 2277 tanto
418 2238 597 2280 thesauro
617 2240 753 2285 fatale,
790 2251 833 2279 ut
854 2240 973 2293 usquc
993 2239 1041 2279 ad
1059 2250 1212 2279 aetatem
1231 2238 1403 2279 nostram
1427 2238 1597 2280 defossus
1616 2239 1708 2279 late-

112 2313 191 2343 ret:
228 2315 312 2348 aut,
346 2307 680 2357 quemadmodum
700 2308 749 2349 de
768 2309 804 2350 se
822 2310 958 2349 auttor
978 2307 1151 2348 futurum
1169 2306 1386 2361 praesenfit,
1424 2320 1466 2347 ut
1486 2308 1525 2347 in
1547 2306 1707 2361 sterqui-

113 2370 235 2415 linio,
271 2371 321 2411 fic
339 2382 525 2426 tanquam
545 2378 750 2432 margarita
770 2375 1065 2431 pretiosissima,
1099 2375 1243 2427 jaceret
1263 2399 1276 2424 ς
1313 2390 1395 2416 non
1424 2376 1515 2430 quia
1538 2388 1620 2415 non
1650 2376 1706 2414 in-

112 2437 372 2494 telligeretur,
408 2439 474 2483 sed
494 2444 603 2496 quod
620 2458 669 2484 ne
689 2455 933 2499 compareret
951 2443 1126 2497 quidem.

912 2526 937 2551 ᾗ(
952 2526 976 2551 ³5⁶
991 2526 1014 2551 ’Ψ
1028 2526 1053 2551 '³ss
1096 2539 1113 2564 2
1583 2522 1705 2562 Olarss
