2007 2771
513 141 1289 208 INDEX

321 241 453 283 habuit
462 250 581 283 artem
585 242 702 294 fitam
717 241 881 298 quaestui.

804 311 820 336 1
831 311 849 336 2

100 351 325 406 Simpliciter
334 361 407 404 pro
421 360 557 404 aperte.
827 311 883 392 6}

100 407 220 448 Simul
235 415 304 460 pro
316 405 484 457 stmalac.
541 417 610 459 43,
635 418 710 460 73,
730 407 796 457 78,
815 408 881 458 83,

687 472 779 512 104,
802 474 879 510 109

99 515 188 556 Sine
203 514 370 555 mercede.
824 529 849 565 9
858 528 874 554 1

99 570 256 619 Sinistra
276 578 414 609 natura
421 577 493 622 pro
511 569 678 623 adversa.
827 581 876 620 52

98 625 213 665 Sinon
229 626 323 678 quis.
766 623 786 638 ⁸
828 627 880 675 56

98 679 270 721 Socrates
285 680 379 733 quis.
824 690 877 731 70

285 735 366 788 ejas
382 732 484 788 lnfirs
499 746 580 774 cam
587 734 732 787 pueris.
826 745 879 786 79

100 788 250 830 Solvere
266 801 429 829 errorem.
826 790 881 837 96

251 843 416 897 frenum.
858 852 880 890 5

100 899 253 940 Solutus
258 909 330 952 pro
347 898 439 938 liber
456 912 481 937 a
499 900 610 938 curis.
829 907 881 948 54

100 955 251 995 Somnia
268 954 432 1006 tristiora
440 954 636 1006 procurari·
647 951 769 1006 solita,
826 957 852 992 6
856 963 875 989 2

101 1009 258 1050 Somnus
264 1020 336 1063 pro
354 1020 522 1062 ignavia.
830 1007 878 1058 58

64 1088 68 1091 -
101 1064 256 1105 Somnus
262 1067 421 1119 primus.
829 1072 879 1114 73

101 1119 272 1172 Sonspes,
300 1119 345 1159 de
362 1131 462 1173 equo.
829 1126 880 1167 93

100 1173 261 1214 Sorbitio
268 1170 508 1227 projuscalO.
831 1183 882 1226 30

101 1227 236 1269 Sordes
253 1227 367 1283 abjici
371 1227 501 1280 solitae
518 1229 559 1267 in
577 1226 723 1266 triviis.
828 1241 848 1281 3
861 1237 877 1263 1

102 1282 332 1337 Sqaarnzgeri
338 1293 412 1335 pro
420 1281 598 1336 piscibus.
857 1293 878 1333 3

101 1337 232 1386 Stare,
251 1348 321 1391 pro
338 1336 523 1376 decretam
540 1335 617 1389 effe.
805 1349 821 1376 1
833 1346 884 1386 14.

102 1392 210 1433 Stare
216 1403 289 1446 pro
307 1391 440 1446 aliqua.
811 1403 882 1442 140

220 1446 267 1486 de
272 1449 460 1499 patronis.
803 1482 806 1485 ,
833 1456 884 1496 14

207 1503 324 1554 super
343 1501 502 1554 aliquem
515 1526 526 1546 ,
544 1497 690 1552 signum
699 1497 883 1538 vic‘toriae.

104 1607 273 1661 Strigare
289 1609 389 1663 qrsidss
832 1565 857 1646 Ξ
863 1620 884 1657 5

103 1663 293 1717 Stringere
299 1663 458 1717 ferrum.
808 1675 823 1701 1
834 1673 854 1713 3
862 1675 884 1714 7

105 1717 138 1758 S
137 1719 276 1770 trophae
291 1718 392 1773 quid.
835 1729 883 1765 19

104 1771 313 1813 strat-rarle
348 1785 456 1812 novae
501 1771 689 1811 hominum
725 1772 886 1824 censuris

158 1826 335 1867 obnoxiae.
831 1838 884 1877 70

105 1879 252 1930 Stulte,
280 1882 511 1938 objurgantis
516 1880 719 1934 particula.
834 1882 884 1920 80

105 1934 240 1988 Stupor
249 1948 322 1990 pro
328 1936 490 1989 stupido,
757 1948 772 1974 1
783 1949 820 1984 2,
840 1937 882 1975 18

107 1989 335 2044 &rescribere
345 2019 357 2038 ,
385 1991 431 2030 de
449 1988 580 2044 quibus
597 1989 756 2030 dicatur.
829 2002 883 2041 75

107 2043 291 2097 Substdere
303 2056 373 2099 pro
391 2046 615 2084 commorari.
829 2057 879 2095 72

107 2097 364 2147 Succmnberffi
395 2102 440 2139 de
457 2099 571 2139 vieto.
830 2111 883 2149 79

108 2151 234 2205 Suffici
241 2166 314 2208 pro
325 2153 521 2208 fitffeftum
538 2155 598 2193 iri.
831 2164 879 2201 72

109 2205 300 2255 Summas,
329 2211 371 2250 de
389 2209 507 2261 Jove.
805 2220 822 2246 1
836 2220 848 2244 1
859 2210 884 2246 6

109 2259 224 2314 Super
234 2273 464 2317 propraeter.
832 2274 854 2311 7
863 2274 884 2310 5

110 2314 290 2370 Superbus
294 2329 367 2372 pro
378 2319 536 2374 potenti.
808 2329 884 2354 100

105 2370 296 2426 Superum
332 2375 511 2414 voluntas
547 2369 646 2411 favit·
661 2398 674 2418 ,
698 2369 884 2423 formula.

809 2436 886 2475 145

104 2481 175 2521 Sus
193 2481 430 2529 Minervam,
451 2478 699 2535 proverbium.
814 2491 885 2528 150

106 2536 271 2593 &spicio
291 2536 621 2592 antepenultimam
632 2532 815 2588 predaeit.
831 2545 880 2586 73

926 241 1108 295 Sustinere
1125 244 1302 304 impetam
1320 245 1402 283 irae,
1651 259 1706 300 73,

1100 310 1288 392 titiam.
1649 306 1707 404 ἕξ

1117 406 1264 446 malum.
1632 421 1648 446 1
1655 420 1708 459 54

1106 468 1385 514 paupertatem.
1628 474 1643 500 1
1653 475 1704 501 20

1102 515 1296 568 spiritum.
1652 519 1709 556 60

1275 606 1326 662 T.

1037 729 1203 772 Aberna.
1652 734 1711 782 98

1064 785 1208 825 Tabula
1224 784 1428 840 naufragii
1629 799 1644 825 1
1655 801 1672 826 2
1683 801 1703 826 2
1714 793 1716 795 ’

923 842 1029 882 Talis
1045 839 1146 896 quid.
1653 855 1707 893 70

923 896 1044 950 Tangi
1062 895 1225 936 invidia.
1654 910 1672 935 2
1683 899 1709 937 8

922 951 1061 992 Tanto
1079 949 1237 998 melior,
1252 948 1431 1004 formula.

925 1006 1095 1052 Temere,
1124 1004 1166 1044 id
1183 1005 1324 1058 eststne
1341 1013 1441 1045 metu
1450 1004 1622 1061 periculi.

926 1063 1134 1102 Temeritas·
1143 1070 1215 1114 pro
1232 1060 1402 1101 audacia.
1655 1074 1674 1100 2
1682 1073 1708 1109 9

926 1116 1140 1169 Temperare
1143 1115 1296 1171 jugum.
1655 1119 1711 1165 65

926 1171 1090 1212 Tendere
1108 1169 1219 1209 dolos.
1656 1182 1707 1221 27

925 1226 1060 1267 Tenere
1069 1236 1140 1279 pro
1158 1226 1306 1264 morari.
1655 1226 1710 1275 58

1070 1279 1335 1334 propoſjidere.
1654 1291 1707 1331 39

925 1334 1085 1376 Tentare
1101 1344 1221 1387 capnt.
1653 1346 1676 1385 7
1683 1345 1704 1384 3

926 1390 1025 1430 Tibi
1045 1389 1157 1436 dico,
1173 1387 1354 1441 formula.
1632 1400 1647 1426 1
1661 1399 1711 1438 17·

926 1443 1099 1484 Timidus
1116 1472 1127 1491 ‚
1154 1443 1201 1481 de
1205 1446 1309 1496 sene.
1657 1454 1706 1480 20

927 1496 1196 1537 Tintinnabttla
1213 1499 1254 1535 in
1273 1494 1379 1534 collis
1403 1495 1588 1534 mulorum.
1652 1498 1706 1545 48
1790 1502 1801 1514 '

927 1551 1029 1605 Toga
1035 1562 1135 1604 pura
1152 1550 1252 1604 quid.
1651 1562 1704 1600 72

929 1606 1097 1654 Tonans,
1124 1606 1247 1658 Jovis
1265 1603 1464 1657 epitheton.
1657 1616 1707 1653 55

927 1661 1094 1703 Tendere
1117 1668 1232 1713 caput
1250 1686 1263 1706 ³
1310 1660 1413 1698 viris
1437 1660 1480 1699 in
1507 1671 1605 1698 more
1612 1657 1710 1712 post·-

983 1725 1072 1755 tum.

928 1772 1110 1825 Torqaere
1116 1779 1188 1823 pro
1198 1796 1210 1817 ,
1238 1779 1332 1821 aegre
1349 1766 1614 1822 alicuifacere.
1654 1725 1707 1819 ἔξ

928 1826 1118 1866 Toxicum.
1656 1835 1672 1860 1
1679 1835 1706 1871 9

927 1880 1088 1921 Tradere
1103 1878 1290 1916 memoriae.
1629 1890 1645 1916 1
1655 1889 1673 1915 2
1685 1887 1709 1927 ς

926 1935 1087 1976 Trahere
1104 1932 1265 1971 odorem..
1656 1941 1707 1980 59

1100 1990 1237 2027 vitam.
1480 1998 1546 2038 25,
1565 1989 1632 2039 67,
1650 1988 1711 2034 96

926 2041 967 2082 T
960 2041 1133 2096 ranfigere
1138 2041 1274 2093 peetus
1282 2038 1423 2094 gladio.
1651 2051 1674 2090 7
1680 2051 1706 2092 3

925 2096 1202 2150 Translatitimn
1219 2095 1318 2148 qaid.
1628 2105 1706 2145 147

927 2150 1128 2205 Trepidare
1135 2149 1405 2203 profestinare.
1651 2149 1705 2196 98

927 2205 1116 2246 Tribades.
1629 2216 1644 2242 1
1653 2215 1677 2239 0
1683 2204 1708 2242 8

927 2259 1099 2302 Tribnere
1116 2259 1292 2299 honorent.
1541 2271 1557 2296 1
1566 2270 1583 2296 z
1591 2285 1602 2304 ‚
1630 2271 1645 2296 1
1655 2270 1672 2294 2
1684 2267 1708 2305 ς

927 2314 1147 2355 Triclinium
1164 2312 1267 2367 quid,
1630 2325 1645 2350 1
1655 2324 1673 2349 2
1681 2321 1708 2360 7

927 2368 1061 2420 Tristis
1068 2380 1141 2422 pro
1150 2369 1282 2421 gravi,
1544 2378 1581 2417 5,
1604 2367 1640 2413 8,
1652 2375 1707 2415 47

927 2425 1102 2463 Triviam
1119 2421 1217 2477 quid.
1652 2431 1672 2470 3
1685 2431 1701 2457 1

928 2479 1041 2533 Troja
1058 2478 1209 2518 Sinonis
1225 2474 1305 2527 astn
1322 2483 1444 2527 capta.
1656 2476 1715 2522 56-

928 2531 1135 2584 Trasttare‚
1162 2543 1242 2572 vox
1259 2528 1426 2582 obfileta,
1650 2529 1707 2576 48

969 2588 1013 2628 H
1024 2587 1051 2627 h
1080 2601 1101 2627 2
1609 2593 1631 2621 A
1642 2593 1707 2619 um
