<?xml version="1.0" encoding="UTF-8"?>
<!DOCTYPE html PUBLIC "-//W3C//DTD XHTML 1.0 Transitional//EN"
    "http://www.w3.org/TR/xhtml1/DTD/xhtml1-transitional.dtd">
<html xmlns="http://www.w3.org/1999/xhtml" xml:lang="en" lang="en">
 <head>
  <title>
</title>
<meta http-equiv="Content-Type" content="text/html;charset=utf-8" />
  <meta name='ocr-system' content='tesseract 3.04.00' />
  <meta name='ocr-capabilities' content='ocr_page ocr_carea ocr_par ocr_line ocrx_word'/>
</head>
<body>
  <div class='ocr_page' id='page_1' title='image "./phaedriauglibert00phae_0197.png"; bbox 0 0 2007 2771; ppageno 0'>
   <div class='ocr_carea' id='block_1_1' title="bbox 182 109 1507 180">
    <p class='ocr_par' dir='ltr' id='par_1_1' title="bbox 182 109 1507 180">
     <span class='ocr_line' id='line_1_1' title="bbox 182 109 1507 180; baseline 0.004 -9"><span class='ocrx_word' id='word_1_1' title='bbox 182 110 518 173; x_wconf 87' lang='lat' dir='ltr'>LIBRI</span> <span class='ocrx_word' id='word_1_2' title='bbox 572 110 699 174; x_wconf 91' lang='lat' dir='ltr'>IV.</span> <span class='ocrx_word' id='word_1_3' title='bbox 761 109 1185 171; x_wconf 88' lang='lat' dir='ltr'>FABULA</span> <span class='ocrx_word' id='word_1_4' title='bbox 1241 112 1507 180; x_wconf 87' lang='lat' dir='ltr'>XXIV.</span> 
     </span>
    </p>
   </div>
   <div class='ocr_carea' id='block_1_2' title="bbox 1604 139 1712 199">
    <p class='ocr_par' dir='ltr' id='par_1_2' title="bbox 1604 139 1712 199">
     <span class='ocr_line' id='line_1_2' title="bbox 1604 139 1712 199; baseline -0.019 -21"><span class='ocrx_word' id='word_1_5' title='bbox 1604 139 1712 199; x_wconf 86' lang='lat'>127</span> 
     </span>
    </p>
   </div>
   <div class='ocr_carea' id='block_1_3' title="bbox 89 206 1523 1374">
    <p class='ocr_par' dir='ltr' id='par_1_3' title="bbox 89 206 1523 1179">
     <span class='ocr_line' id='line_1_3' title="bbox 99 206 1523 295; baseline 0.001 -25"><span class='ocrx_word' id='word_1_6' title='bbox 99 209 373 293; x_wconf 87' lang='lat' dir='ltr'>Repente</span> <span class='ocrx_word' id='word_1_7' title='bbox 401 206 526 270; x_wconf 94' lang='lat' dir='ltr'>duo</span> <span class='ocrx_word' id='word_1_8' title='bbox 559 228 750 291; x_wconf 86' lang='lat' dir='ltr'>quum</span> <span class='ocrx_word' id='word_1_9' title='bbox 779 212 1020 284; x_wconf 85' lang='lat' dir='ltr'>juvenes</span> <span class='ocrx_word' id='word_1_10' title='bbox 1049 207 1221 294; x_wconf 78' lang='lat' dir='ltr'>sparsi</span> <span class='ocrx_word' id='word_1_11' title='bbox 1247 211 1523 295; x_wconf 79' lang='lat' dir='ltr'>pulvere,</span> 
     </span>
     <span class='ocr_line' id='line_1_4' title="bbox 101 300 1218 391; baseline 0 -23"><span class='ocrx_word' id='word_1_12' title='bbox 101 306 327 373; x_wconf 83' lang='lat' dir='ltr'>Sudore</span> <span class='ocrx_word' id='word_1_13' title='bbox 353 304 545 366; x_wconf 88' lang='lat' dir='ltr'>multo</span> <span class='ocrx_word' id='word_1_14' title='bbox 573 300 909 365; x_wconf 88' lang='lat' dir='ltr'>diffluentes</span> <span class='ocrx_word' id='word_1_15' title='bbox 934 326 1181 391; x_wconf 85' lang='lat' dir='ltr'>corpora</span> <span class='ocrx_word' id='word_1_16' title='bbox 1200 358 1218 383; x_wconf 82' lang='lat'><em>,</em></span> 
     </span>
     <span class='ocr_line' id='line_1_5' title="bbox 99 400 1492 488; baseline -0.001 -19"><span class='ocrx_word' id='word_1_17' title='bbox 99 407 441 469; x_wconf 80' lang='lat' dir='ltr'><strong>Humanam</strong></span> <span class='ocrx_word' id='word_1_18' title='bbox 467 401 632 488; x_wconf 86' lang='lat' dir='ltr'>supra</span> <span class='ocrx_word' id='word_1_19' title='bbox 656 400 916 465; x_wconf 89' lang='lat' dir='ltr'>formam</span> <span class='ocrx_word' id='word_1_20' title='bbox 934 447 950 471; x_wconf 71' lang='lat'>2</span> <span class='ocrx_word' id='word_1_21' title='bbox 994 405 1233 467; x_wconf 84' lang='lat' dir='ltr'>cuidam</span> <span class='ocrx_word' id='word_1_22' title='bbox 1262 400 1492 477; x_wconf 81' lang='lat' dir='ltr'>servulo</span> 
     </span>
     <span class='ocr_line' id='line_1_6' title="bbox 98 500 1497 587; baseline -0.001 -18"><span class='ocrx_word' id='word_1_23' title='bbox 98 504 423 569; x_wconf 81' lang='lat' dir='ltr'>Mandant,</span> <span class='ocrx_word' id='word_1_24' title='bbox 468 519 533 563; x_wconf 90' lang='lat' dir='ltr'>ut</span> <span class='ocrx_word' id='word_1_25' title='bbox 568 500 641 563; x_wconf 88' lang='lat' dir='ltr'>ad</span> <span class='ocrx_word' id='word_1_26' title='bbox 672 500 728 563; x_wconf 70' lang='lat' dir='ltr'>ie</span> <span class='ocrx_word' id='word_1_27' title='bbox 753 519 1049 587; x_wconf 86' lang='lat' dir='ltr'>provocet</span> <span class='ocrx_word' id='word_1_28' title='bbox 1086 504 1497 573; x_wconf 77' lang='lat' dir='ltr'>Simonidem,</span> 
     </span>
     <span class='ocr_line' id='line_1_7' title="bbox 96 598 1301 665; baseline -0.002 0"><span class='ocrx_word' id='word_1_29' title='bbox 96 602 254 665; x_wconf 88' lang='lat' dir='ltr'>Illius</span> <span class='ocrx_word' id='word_1_30' title='bbox 284 599 547 662; x_wconf 80' lang='lat' dir='ltr'>interesse</span> <span class='ocrx_word' id='word_1_31' title='bbox 573 622 648 662; x_wconf 92' lang='lat' dir='ltr'>ne</span> <span class='ocrx_word' id='word_1_32' title='bbox 677 598 856 663; x_wconf 79' lang='lat' dir='ltr'>faciat</span> <span class='ocrx_word' id='word_1_33' title='bbox 879 622 1127 664; x_wconf 83' lang='lat' dir='ltr'>moram.</span> <span class='ocrx_word' id='word_1_34' title='bbox 1296 606 1301 609; x_wconf 85' lang='grc'><strong>’</strong></span> 
     </span>
     <span class='ocr_line' id='line_1_8' title="bbox 95 700 1368 784; baseline 0 -23"><span class='ocrx_word' id='word_1_35' title='bbox 95 702 309 764; x_wconf 87' lang='lat' dir='ltr'>Homo</span> <span class='ocrx_word' id='word_1_36' title='bbox 332 700 693 784; x_wconf 84' lang='lat' dir='ltr'>perturbatus</span> <span class='ocrx_word' id='word_1_37' title='bbox 725 702 942 762; x_wconf 84' lang='lat' dir='ltr'>excitat</span> <span class='ocrx_word' id='word_1_38' title='bbox 974 701 1368 764; x_wconf 81' lang='lat' dir='ltr'>Simonidem.</span> 
     </span>
     <span class='ocr_line' id='line_1_9' title="bbox 94 800 1318 886; baseline -0.001 -22"><span class='ocrx_word' id='word_1_39' title='bbox 94 805 304 864; x_wconf 91' lang='lat' dir='ltr'>Unum</span> <span class='ocrx_word' id='word_1_40' title='bbox 330 800 632 886; x_wconf 77' lang='lat' dir='ltr'>promorat</span> <span class='ocrx_word' id='word_1_41' title='bbox 658 804 763 863; x_wconf 85' lang='lat' dir='ltr'>vix</span> <span class='ocrx_word' id='word_1_42' title='bbox 786 800 1004 886; x_wconf 85' lang='lat' dir='ltr'>pedem</span> <span class='ocrx_word' id='word_1_43' title='bbox 1027 802 1284 863; x_wconf 85' lang='lat' dir='ltr'>triclinio</span> <span class='ocrx_word' id='word_1_44' title='bbox 1300 845 1318 870; x_wconf 87' lang='lat'><em>,</em></span> 
     </span>
     <span class='ocr_line' id='line_1_10' title="bbox 93 896 1396 984; baseline -0.001 -21"><span class='ocrx_word' id='word_1_45' title='bbox 93 905 293 963; x_wconf 85' lang='lat' dir='ltr'>Ruina</span> <span class='ocrx_word' id='word_1_46' title='bbox 324 923 564 963; x_wconf 86' lang='lat' dir='ltr'>camarae</span> <span class='ocrx_word' id='word_1_47' title='bbox 597 900 795 962; x_wconf 86' lang='lat' dir='ltr'>subito</span> <span class='ocrx_word' id='word_1_48' title='bbox 822 896 1099 984; x_wconf 72' lang='lat' dir='ltr'>oppressit</span> <span class='ocrx_word' id='word_1_49' title='bbox 1127 918 1396 962; x_wconf 79' lang='lat' dir='ltr'>caeter055</span> 
     </span>
     <span class='ocr_line' id='line_1_11' title="bbox 89 995 1414 1082; baseline -0.004 -20"><span class='ocrx_word' id='word_1_50' title='bbox 89 1001 226 1062; x_wconf 87' lang='lat' dir='ltr'>Nec</span> <span class='ocrx_word' id='word_1_51' title='bbox 254 998 354 1060; x_wconf 84' lang='lat' dir='ltr'>ulli</span> <span class='ocrx_word' id='word_1_52' title='bbox 384 1003 629 1075; x_wconf 88' lang='lat' dir='ltr'>juvenes</span> <span class='ocrx_word' id='word_1_53' title='bbox 659 995 789 1058; x_wconf 84' lang='lat' dir='ltr'>sunt</span> <span class='ocrx_word' id='word_1_54' title='bbox 814 999 1026 1082; x_wconf 86' lang='lat' dir='ltr'>reperti</span> <span class='ocrx_word' id='word_1_55' title='bbox 1052 995 1143 1058; x_wconf 83' lang='lat' dir='ltr'>ad&#39;</span> <span class='ocrx_word' id='word_1_56' title='bbox 1160 1001 1414 1075; x_wconf 84' lang='lat' dir='ltr'>januam.</span> 
     </span>
     <span class='ocr_line' id='line_1_12' title="bbox 89 1094 1194 1179; baseline -0.003 -22"><span class='ocrx_word' id='word_1_57' title='bbox 89 1096 184 1157; x_wconf 84' lang='lat' dir='ltr'>Ut</span> <span class='ocrx_word' id='word_1_58' title='bbox 222 1095 302 1158; x_wconf 90' lang='lat' dir='ltr'>est</span> <span class='ocrx_word' id='word_1_59' title='bbox 329 1095 600 1179; x_wconf 80' lang='lat' dir='ltr'>vulgatus</span> <span class='ocrx_word' id='word_1_60' title='bbox 632 1094 786 1157; x_wconf 91' lang='lat' dir='ltr'>ordo</span> <span class='ocrx_word' id='word_1_61' title='bbox 815 1110 1048 1155; x_wconf 84' lang='lat' dir='ltr'>narratae</span> <span class='ocrx_word' id='word_1_62' title='bbox 1076 1096 1194 1169; x_wconf 88' lang='lat' dir='ltr'>rei,</span> 
     </span>
    </p>

    <p class='ocr_par' dir='ltr' id='par_1_4' title="bbox 89 1189 1403 1374">
     <span class='ocr_line' id='line_1_13' title="bbox 92 1189 1403 1276; baseline -0.002 -19"><span class='ocrx_word' id='word_1_63' title='bbox 92 1198 328 1257; x_wconf 87' lang='lat' dir='ltr'>Omnes</span> <span class='ocrx_word' id='word_1_64' title='bbox 356 1194 641 1266; x_wconf 85' lang='lat' dir='ltr'>scierunt,</span> <span class='ocrx_word' id='word_1_65' title='bbox 687 1192 1007 1253; x_wconf 89' lang='lat' dir='ltr'>numinum</span> <span class='ocrx_word' id='word_1_66' title='bbox 1040 1189 1403 1276; x_wconf 73' lang='lat' dir='ltr'>praesentiam</span> 
     </span>
     <span class='ocr_line' id='line_1_14' title="bbox 89 1288 1216 1374; baseline -0.008 -15"><span class='ocrx_word' id='word_1_67' title='bbox 89 1295 237 1359; x_wconf 84' lang='lat' dir='ltr'>Vati</span> <span class='ocrx_word' id='word_1_68' title='bbox 266 1292 484 1357; x_wconf 83' lang='lat' dir='ltr'>dediffe</span> <span class='ocrx_word' id='word_1_69' title='bbox 525 1294 712 1374; x_wconf 80' lang='lat' dir='ltr'>vitam</span> <span class='ocrx_word' id='word_1_70' title='bbox 738 1288 1031 1351; x_wconf 82' lang='lat' dir='ltr'>mercedis</span> <span class='ocrx_word' id='word_1_71' title='bbox 1061 1288 1216 1351; x_wconf 79' lang='lat' dir='ltr'>loco,</span> 
     </span>
    </p>
   </div>
   <div class='ocr_carea' id='block_1_4' title="bbox 79 1457 875 2579">
    <p class='ocr_par' dir='ltr' id='par_1_5' title="bbox 146 1457 875 1533">
     <span class='ocr_line' id='line_1_15' title="bbox 146 1457 875 1504; baseline -0.007 -11"><span class='ocrx_word' id='word_1_72' title='bbox 146 1461 322 1504; x_wconf 77' lang='lat' dir='ltr'>Rtstrepitus</span> <span class='ocrx_word' id='word_1_73' title='bbox 328 1460 414 1500; x_wconf 64' lang='lat' dir='ltr'>tec‘lvi,</span> <span class='ocrx_word' id='word_1_74' title='bbox 421 1470 574 1503; x_wconf 82' lang='lat' dir='ltr'>vocemque</span> <span class='ocrx_word' id='word_1_75' title='bbox 575 1467 631 1501; x_wconf 85' lang='lat' dir='ltr'>per</span> <span class='ocrx_word' id='word_1_76' title='bbox 636 1457 733 1501; x_wconf 83' lang='lat' dir='ltr'>ampla</span> <span class='ocrx_word' id='word_1_77' title='bbox 740 1457 875 1489; x_wconf 78' lang='lat' dir='ltr'>volutant</span> 
     </span>
     <span class='ocr_line' id='line_1_16' title="bbox 147 1503 244 1533; baseline 0 0"><span class='ocrx_word' id='word_1_78' title='bbox 147 1503 244 1533; x_wconf 84' lang='lat' dir='ltr'>Atria.</span> 
     </span>
    </p>

    <p class='ocr_par' dir='ltr' id='par_1_6' title="bbox 88 1540 874 1623">
     <span class='ocr_line' id='line_1_17' title="bbox 129 1540 874 1584; baseline -0.004 -9"><span class='ocrx_word' id='word_1_79' title='bbox 129 1554 176 1575; x_wconf 85' lang='lat'>22.</span> <span class='ocrx_word' id='word_1_80' title='bbox 199 1544 388 1576; x_wconf 72' lang='lat' dir='ltr'>REPENTE</span> <span class='ocrx_word' id='word_1_81' title='bbox 409 1552 494 1574; x_wconf 74' lang='lat' dir='ltr'>Duo</span> <span class='ocrx_word' id='word_1_82' title='bbox 516 1543 661 1581; x_wconf 82' lang='lat' dir='ltr'><strong>QUUM]</strong></span> <span class='ocrx_word' id='word_1_83' title='bbox 705 1540 755 1573; x_wconf 90' lang='lat' dir='ltr'>Sic</span> <span class='ocrx_word' id='word_1_84' title='bbox 774 1544 874 1584; x_wconf 87' lang='lat' dir='ltr'>legen-</span> 
     </span>
     <span class='ocr_line' id='line_1_18' title="bbox 88 1584 676 1623; baseline -0.005 -7"><span class='ocrx_word' id='word_1_85' title='bbox 88 1585 161 1617; x_wconf 87' lang='lat' dir='ltr'>dum</span> <span class='ocrx_word' id='word_1_86' title='bbox 175 1595 246 1616; x_wconf 87' lang='lat' dir='ltr'>cum</span> <span class='ocrx_word' id='word_1_87' title='bbox 261 1586 381 1623; x_wconf 84' lang='lat' dir='ltr'>Gudio,</span> <span class='ocrx_word' id='word_1_88' title='bbox 402 1587 450 1615; x_wconf 80' lang='lat' dir='ltr'>vel</span> <span class='ocrx_word' id='word_1_89' title='bbox 465 1594 537 1615; x_wconf 86' lang='lat' dir='ltr'>cum</span> <span class='ocrx_word' id='word_1_90' title='bbox 552 1584 676 1622; x_wconf 84' lang='lat' dir='ltr'>eodem,</span> 
     </span>
    </p>

    <p class='ocr_par' dir='ltr' id='par_1_7' title="bbox 87 1623 848 1705">
     <span class='ocr_line' id='line_1_19' title="bbox 167 1623 848 1670; baseline -0.006 -12"><span class='ocrx_word' id='word_1_91' title='bbox 167 1628 293 1669; x_wconf 77' lang='lat' dir='ltr'>Repente</span> <span class='ocrx_word' id='word_1_92' title='bbox 312 1627 535 1670; x_wconf 78' lang='lat' dir='ltr'>quumjuvenes</span> <span class='ocrx_word' id='word_1_93' title='bbox 550 1623 848 1666; x_wconf 70' lang='lat' dir='ltr'>duospatfipulvere3</span> 
     </span>
     <span class='ocr_line' id='line_1_20' title="bbox 87 1668 604 1705; baseline -0.006 -6"><span class='ocrx_word' id='word_1_94' title='bbox 87 1670 133 1699; x_wconf 81' lang='lat' dir='ltr'>vel</span> <span class='ocrx_word' id='word_1_95' title='bbox 148 1676 180 1699; x_wconf 91' lang='lat' dir='ltr'>ut</span> <span class='ocrx_word' id='word_1_96' title='bbox 195 1678 249 1699; x_wconf 88' lang='lat' dir='ltr'>nos</span> <span class='ocrx_word' id='word_1_97' title='bbox 264 1670 339 1699; x_wconf 88' lang='lat' dir='ltr'>olim</span> <span class='ocrx_word' id='word_1_98' title='bbox 352 1668 604 1705; x_wconf 79' lang='lat' dir='ltr'>conjiciebamus,</span> 
     </span>
    </p>

    <p class='ocr_par' dir='ltr' id='par_1_8' title="bbox 89 1706 839 1790">
     <span class='ocr_line' id='line_1_21' title="bbox 168 1706 839 1753; baseline -0.003 -15"><span class='ocrx_word' id='word_1_99' title='bbox 168 1710 266 1753; x_wconf 68' lang='lat' dir='ltr'>Quem</span> <span class='ocrx_word' id='word_1_100' title='bbox 279 1711 332 1740; x_wconf 81' lang='lat' dir='ltr'>duo</span> <span class='ocrx_word' id='word_1_101' title='bbox 351 1716 462 1750; x_wconf 79' lang='lat' dir='ltr'>repente</span> <span class='ocrx_word' id='word_1_102' title='bbox 470 1707 698 1750; x_wconf 72' lang='lat' dir='ltr'>Juvenessparfi</span> <span class='ocrx_word' id='word_1_103' title='bbox 706 1706 839 1748; x_wconf 77' lang='lat' dir='ltr'>pulvere.</span> 
     </span>
     <span class='ocr_line' id='line_1_22' title="bbox 89 1747 334 1790; baseline 0.008 -11"><span class='ocrx_word' id='word_1_104' title='bbox 89 1747 122 1780; x_wconf 86' lang='lat' dir='ltr'>ln</span> <span class='ocrx_word' id='word_1_105' title='bbox 136 1751 262 1790; x_wconf 85' lang='lat' dir='ltr'>vulgatis</span> <span class='ocrx_word' id='word_1_106' title='bbox 277 1751 315 1781; x_wconf 86' lang='lat' dir='ltr'>est</span> <span class='ocrx_word' id='word_1_107' title='bbox 325 1773 334 1789; x_wconf 87' lang='lat'>,</span> 
     </span>
    </p>

    <p class='ocr_par' dir='ltr' id='par_1_9' title="bbox 87 1787 872 1948">
     <span class='ocr_line' id='line_1_23' title="bbox 168 1787 829 1836; baseline -0.006 -14"><span class='ocrx_word' id='word_1_108' title='bbox 168 1791 293 1833; x_wconf 82' lang='lat' dir='ltr'>Repente</span> <span class='ocrx_word' id='word_1_109' title='bbox 305 1801 394 1836; x_wconf 83' lang='lat' dir='ltr'>quum</span> <span class='ocrx_word' id='word_1_110' title='bbox 407 1791 461 1821; x_wconf 86' lang='lat' dir='ltr'>duo</span> <span class='ocrx_word' id='word_1_111' title='bbox 463 1791 595 1832; x_wconf 81' lang='lat' dir='ltr'>juvenes</span> <span class='ocrx_word' id='word_1_112' title='bbox 600 1789 692 1831; x_wconf 66' lang='lat' dir='ltr'>spaffi</span> <span class='ocrx_word' id='word_1_113' title='bbox 700 1787 829 1830; x_wconf 83' lang='lat' dir='ltr'>pulvere.</span> 
     </span>
     <span class='ocr_line' id='line_1_24' title="bbox 89 1830 872 1874; baseline -0.005 -10"><span class='ocrx_word' id='word_1_114' title='bbox 89 1842 180 1874; x_wconf 83' lang='lat' dir='ltr'>quern</span> <span class='ocrx_word' id='word_1_115' title='bbox 194 1833 315 1873; x_wconf 86' lang='lat' dir='ltr'>quidem</span> <span class='ocrx_word' id='word_1_116' title='bbox 329 1832 448 1863; x_wconf 87' lang='lat' dir='ltr'>versum</span> <span class='ocrx_word' id='word_1_117' title='bbox 463 1841 519 1873; x_wconf 86' lang='lat' dir='ltr'>ego</span> <span class='ocrx_word' id='word_1_118' title='bbox 535 1832 619 1863; x_wconf 85' lang='lat' dir='ltr'>nullo</span> <span class='ocrx_word' id='word_1_119' title='bbox 633 1831 728 1861; x_wconf 89' lang='lat' dir='ltr'>modo</span> <span class='ocrx_word' id='word_1_120' title='bbox 743 1830 872 1860; x_wconf 79' lang='lat' dir='ltr'>dimetiri</span> 
     </span>
     <span class='ocr_line' id='line_1_25' title="bbox 87 1872 872 1914; baseline -0.005 -8"><span class='ocrx_word' id='word_1_121' title='bbox 87 1874 219 1914; x_wconf 78' lang='lat' dir='ltr'>possum,</span> <span class='ocrx_word' id='word_1_122' title='bbox 241 1875 292 1907; x_wconf 86' lang='lat' dir='ltr'>nifi</span> <span class='ocrx_word' id='word_1_123' title='bbox 312 1876 365 1906; x_wconf 83' lang='lat' dir='ltr'>duo</span> <span class='ocrx_word' id='word_1_124' title='bbox 379 1882 437 1903; x_wconf 80' lang='lat' dir='ltr'>vox</span> <span class='ocrx_word' id='word_1_125' title='bbox 453 1873 484 1903; x_wconf 85' lang='lat' dir='ltr'>fit</span> <span class='ocrx_word' id='word_1_126' title='bbox 498 1872 727 1912; x_wconf 68' lang='lat' dir='ltr'>monosyssabag</span> <span class='ocrx_word' id='word_1_127' title='bbox 753 1880 813 1910; x_wconf 89' lang='lat' dir='ltr'>quo</span> <span class='ocrx_word' id='word_1_128' title='bbox 827 1872 872 1902; x_wconf 85' lang='lat' dir='ltr'>ni-</span> 
     </span>
     <span class='ocr_line' id='line_1_26' title="bbox 87 1916 250 1948; baseline -0.006 -1"><span class='ocrx_word' id='word_1_129' title='bbox 87 1917 126 1948; x_wconf 88' lang='lat' dir='ltr'>hil</span> <span class='ocrx_word' id='word_1_130' title='bbox 141 1916 250 1947; x_wconf 87' lang='lat' dir='ltr'>durius.</span> 
     </span>
    </p>

    <p class='ocr_par' dir='ltr' id='par_1_10' title="bbox 79 1952 872 2247">
     <span class='ocr_line' id='line_1_27' title="bbox 127 1952 872 1998; baseline -0.007 -9"><span class='ocrx_word' id='word_1_131' title='bbox 127 1956 221 1989; x_wconf 83' lang='lat' dir='ltr'>Duo</span> <span class='ocrx_word' id='word_1_132' title='bbox 248 1957 441 1998; x_wconf 66' lang='lat' dir='ltr'>juvem-2⁵]</span> <span class='ocrx_word' id='word_1_133' title='bbox 472 1955 599 1994; x_wconf 82' lang='lat' dir='ltr'>Justinus</span> <span class='ocrx_word' id='word_1_134' title='bbox 620 1954 669 1985; x_wconf 89' lang='lat' dir='ltr'>lib.</span> <span class='ocrx_word' id='word_1_135' title='bbox 684 1963 733 1985; x_wconf 87' lang='lat'>20.</span> <span class='ocrx_word' id='word_1_136' title='bbox 750 1963 777 1994; x_wconf 75' lang='lat'>3.</span> <span class='ocrx_word' id='word_1_137' title='bbox 808 1952 872 1985; x_wconf 84' lang='lat' dir='ltr'>Pu-</span> 
     </span>
     <span class='ocr_line' id='line_1_28' title="bbox 83 1997 872 2042; baseline -0.003 -13"><span class='ocrx_word' id='word_1_138' title='bbox 83 2000 236 2042; x_wconf 79' lang='lat' dir='ltr'>gnantibus</span> <span class='ocrx_word' id='word_1_139' title='bbox 257 2001 356 2031; x_wconf 84' lang='lat' dir='ltr'>Locris</span> <span class='ocrx_word' id='word_1_140' title='bbox 370 2021 379 2036; x_wconf 81' lang='lat'><strong>‚</strong></span> <span class='ocrx_word' id='word_1_141' title='bbox 410 1997 508 2040; x_wconf 73' lang='lat' dir='ltr'>aquila</span> <span class='ocrx_word' id='word_1_142' title='bbox 525 1998 560 2028; x_wconf 84' lang='lat' dir='ltr'>ab</span> <span class='ocrx_word' id='word_1_143' title='bbox 582 2000 642 2027; x_wconf 81' lang='lat' dir='ltr'>acie</span> <span class='ocrx_word' id='word_1_144' title='bbox 656 2006 812 2039; x_wconf 80' lang='lat' dir='ltr'>numquam</span> <span class='ocrx_word' id='word_1_145' title='bbox 829 2007 872 2027; x_wconf 86' lang='lat' dir='ltr'>re-</span> 
     </span>
     <span class='ocr_line' id='line_1_29' title="bbox 87 2037 871 2085; baseline -0.004 -14"><span class='ocrx_word' id='word_1_146' title='bbox 87 2040 173 2080; x_wconf 71' lang='grc' dir='ltr'><strong><em>οςΠῐι,</em></strong></span> <span class='ocrx_word' id='word_1_147' title='bbox 193 2042 287 2085; x_wconf 83' lang='lat' dir='ltr'>eosque</span> <span class='ocrx_word' id='word_1_148' title='bbox 301 2041 415 2071; x_wconf 74' lang='lat' dir='ltr'>tamdtu</span> <span class='ocrx_word' id='word_1_149' title='bbox 428 2038 655 2070; x_wconf 73' lang='lat' dir='ltr'>circumvolavit</span> <span class='ocrx_word' id='word_1_150' title='bbox 668 2037 761 2081; x_wconf 81' lang='lat' dir='ltr'>quoad</span> <span class='ocrx_word' id='word_1_151' title='bbox 771 2040 871 2068; x_wconf 79' lang='lat' dir='ltr'>vince-</span> 
     </span>
     <span class='ocr_line' id='line_1_30' title="bbox 87 2079 868 2124; baseline -0.004 -12"><span class='ocrx_word' id='word_1_152' title='bbox 87 2089 158 2112; x_wconf 80' lang='lat' dir='ltr'>rent.</span> <span class='ocrx_word' id='word_1_153' title='bbox 200 2083 232 2113; x_wconf 81' lang='lat' dir='ltr'>ln</span> <span class='ocrx_word' id='word_1_154' title='bbox 249 2084 369 2113; x_wconf 76' lang='lat' dir='ltr'>cornibus</span> <span class='ocrx_word' id='word_1_155' title='bbox 390 2093 495 2124; x_wconf 84' lang='lat' dir='ltr'>quoque</span> <span class='ocrx_word' id='word_1_156' title='bbox 517 2081 570 2111; x_wconf 85' lang='lat' dir='ltr'>duo</span> <span class='ocrx_word' id='word_1_157' title='bbox 581 2080 711 2119; x_wconf 78' lang='lat' dir='ltr'>Juvenes</span> <span class='ocrx_word' id='word_1_158' title='bbox 725 2079 835 2118; x_wconf 74' lang='lat' dir='ltr'>diverso</span> <span class='ocrx_word' id='word_1_159' title='bbox 850 2090 868 2109; x_wconf 85' lang='lat' dir='ltr'>a</span> 
     </span>
     <span class='ocr_line' id='line_1_31' title="bbox 87 2119 868 2162; baseline -0.004 -10"><span class='ocrx_word' id='word_1_160' title='bbox 87 2124 181 2154; x_wconf 50' lang='lat' dir='ltr'>cetera</span> <span class='ocrx_word' id='word_1_161' title='bbox 194 2135 338 2155; x_wconf 76' lang='lat' dir='ltr'>armorum</span> <span class='ocrx_word' id='word_1_162' title='bbox 352 2123 454 2154; x_wconf 79' lang='lat' dir='ltr'>habitu</span> <span class='ocrx_word' id='word_1_163' title='bbox 467 2143 472 2150; x_wconf 63' lang='grc'><strong>»</strong></span> <span class='ocrx_word' id='word_1_164' title='bbox 497 2126 607 2152; x_wconf 63' lang='lat' dir='ltr'>eximia</span> <span class='ocrx_word' id='word_1_165' title='bbox 623 2120 819 2162; x_wconf 76' lang='lat' dir='ltr'>magnitudme</span> <span class='ocrx_word' id='word_1_166' title='bbox 828 2119 868 2156; x_wconf 58' lang='grc' dir='ltr'>ἐς)</span> 
     </span>
     <span class='ocr_line' id='line_1_32' title="bbox 86 2161 871 2206; baseline -0.004 -13"><span class='ocrx_word' id='word_1_167' title='bbox 86 2164 153 2193; x_wconf 68' lang='lat' dir='ltr'>albis</span> <span class='ocrx_word' id='word_1_168' title='bbox 165 2167 237 2206; x_wconf 66' lang='lat' dir='ltr'>eqm&#39;a</span> <span class='ocrx_word' id='word_1_169' title='bbox 249 2166 289 2199; x_wconf 59' lang='grc' dir='ltr'>ξς)</span> <span class='ocrx_word' id='word_1_170' title='bbox 298 2165 422 2194; x_wconf 65' lang='lat' dir='ltr'>coccineis</span> <span class='ocrx_word' id='word_1_171' title='bbox 426 2164 655 2203; x_wconf 72' lang='lat' dir='ltr'>paludamentis,</span> <span class='ocrx_word' id='word_1_172' title='bbox 670 2171 798 2204; x_wconf 73' lang='lat' dir='ltr'>pugnare</span> <span class='ocrx_word' id='word_1_173' title='bbox 812 2161 871 2200; x_wconf 74' lang='lat' dir='ltr'>vtst</span> 
     </span>
     <span class='ocr_line' id='line_1_33' title="bbox 79 2204 864 2247; baseline -0.003 -12"><span class='ocrx_word' id='word_1_174' title='bbox 79 2205 164 2245; x_wconf 75' lang='lat' dir='ltr'>sunt,</span> <span class='ocrx_word' id='word_1_175' title='bbox 185 2216 234 2235; x_wconf 87' lang='lat' dir='ltr'>nec</span> <span class='ocrx_word' id='word_1_176' title='bbox 247 2206 324 2235; x_wconf 85' lang='lat' dir='ltr'>ultra</span> <span class='ocrx_word' id='word_1_177' title='bbox 338 2210 545 2246; x_wconf 77' lang='lat' dir='ltr'>apparuerunt,</span> <span class='ocrx_word' id='word_1_178' title='bbox 559 2215 645 2247; x_wconf 77' lang='lat' dir='ltr'>quam</span> <span class='ocrx_word' id='word_1_179' title='bbox 654 2211 815 2246; x_wconf 78' lang='lat' dir='ltr'>pugnatum</span> <span class='ocrx_word' id='word_1_180' title='bbox 824 2204 864 2243; x_wconf 75' lang='lat' dir='ltr'>est.</span> 
     </span>
    </p>

    <p class='ocr_par' dir='ltr' id='par_1_11' title="bbox 87 2245 868 2318">
     <span class='ocr_line' id='line_1_34' title="bbox 129 2245 868 2287; baseline 0 -11"><span class='ocrx_word' id='word_1_181' title='bbox 129 2245 149 2275; x_wconf 88' lang='lat' dir='ltr'>S</span> <span class='ocrx_word' id='word_1_182' title='bbox 159 2255 235 2276; x_wconf 79' lang='lat' dir='ltr'>PAR</span> <span class='ocrx_word' id='word_1_183' title='bbox 245 2254 278 2276; x_wconf 78' lang='lat'>81</span> <span class='ocrx_word' id='word_1_184' title='bbox 294 2251 300 2278; x_wconf 67' lang='grc' dir='ltr'>ἶ</span> <span class='ocrx_word' id='word_1_185' title='bbox 326 2246 431 2276; x_wconf 81' lang='lat' dir='ltr'>Decoro</span> <span class='ocrx_word' id='word_1_186' title='bbox 440 2245 563 2287; x_wconf 71' lang='lat' dir='ltr'>pulvere</span> <span class='ocrx_word' id='word_1_187' title='bbox 568 2245 680 2285; x_wconf 72' lang='lat' dir='ltr'>sordzdi</span> <span class='ocrx_word' id='word_1_188' title='bbox 693 2269 703 2284; x_wconf 82' lang='lat'>,</span> <span class='ocrx_word' id='word_1_189' title='bbox 732 2253 762 2275; x_wconf 87' lang='lat' dir='ltr'>ut</span> <span class='ocrx_word' id='word_1_190' title='bbox 776 2245 868 2284; x_wconf 76' lang='lat' dir='ltr'>phrafi</span> 
     </span>
     <span class='ocr_line' id='line_1_35' title="bbox 87 2286 396 2318; baseline 0 -1"><span class='ocrx_word' id='word_1_191' title='bbox 87 2286 254 2318; x_wconf 86' lang='lat' dir='ltr'>Horatiana</span> <span class='ocrx_word' id='word_1_192' title='bbox 269 2295 396 2317; x_wconf 83' lang='lat' dir='ltr'>utamur.</span> 
     </span>
    </p>

    <p class='ocr_par' dir='ltr' id='par_1_12' title="bbox 86 2327 871 2485">
     <span class='ocr_line' id='line_1_36' title="bbox 127 2327 871 2364; baseline -0.003 -4"><span class='ocrx_word' id='word_1_193' title='bbox 127 2329 346 2360; x_wconf 74' lang='lat' dir='ltr'>HUMANAM</span> <span class='ocrx_word' id='word_1_194' title='bbox 369 2337 497 2360; x_wconf 74' lang='lat' dir='ltr'>SUPRA</span> <span class='ocrx_word' id='word_1_195' title='bbox 519 2329 714 2364; x_wconf 76' lang='lat' dir='ltr'>FORMAM]</span> <span class='ocrx_word' id='word_1_196' title='bbox 743 2327 871 2359; x_wconf 80' lang='lat' dir='ltr'>Eximia</span> 
     </span>
     <span class='ocr_line' id='line_1_37' title="bbox 86 2369 871 2412; baseline 0 -11"><span class='ocrx_word' id='word_1_197' title='bbox 86 2373 303 2412; x_wconf 75' lang='lat' dir='ltr'>magnitudme,</span> <span class='ocrx_word' id='word_1_198' title='bbox 325 2378 354 2401; x_wconf 80' lang='lat' dir='ltr'>ut</span> <span class='ocrx_word' id='word_1_199' title='bbox 372 2371 467 2401; x_wconf 86' lang='lat' dir='ltr'>modo</span> <span class='ocrx_word' id='word_1_200' title='bbox 484 2372 514 2400; x_wconf 88' lang='lat' dir='ltr'>in</span> <span class='ocrx_word' id='word_1_201' title='bbox 527 2370 648 2409; x_wconf 84' lang='lat' dir='ltr'>Justino.</span> <span class='ocrx_word' id='word_1_202' title='bbox 691 2369 741 2401; x_wconf 87' lang='lat' dir='ltr'>Sic</span> <span class='ocrx_word' id='word_1_203' title='bbox 762 2371 821 2401; x_wconf 85' lang='lat' dir='ltr'>fere</span> <span class='ocrx_word' id='word_1_204' title='bbox 835 2371 871 2401; x_wconf 90' lang='lat' dir='ltr'>de</span> 
     </span>
     <span class='ocr_line' id='line_1_38' title="bbox 87 2412 870 2452; baseline 0.001 -10"><span class='ocrx_word' id='word_1_205' title='bbox 87 2413 142 2443; x_wconf 82' lang='lat' dir='ltr'>diis</span> <span class='ocrx_word' id='word_1_206' title='bbox 163 2415 327 2452; x_wconf 78' lang='lat' dir='ltr'>loquuntur</span> <span class='ocrx_word' id='word_1_207' title='bbox 342 2436 350 2451; x_wconf 84' lang='lat'>‚</span> <span class='ocrx_word' id='word_1_208' title='bbox 388 2413 437 2442; x_wconf 90' lang='lat' dir='ltr'>ubi</span> <span class='ocrx_word' id='word_1_209' title='bbox 457 2412 487 2442; x_wconf 90' lang='lat' dir='ltr'>se</span> <span class='ocrx_word' id='word_1_210' title='bbox 507 2412 730 2451; x_wconf 81' lang='lat' dir='ltr'>conspiciendos</span> <span class='ocrx_word' id='word_1_211' title='bbox 744 2413 870 2452; x_wconf 77' lang='lat' dir='ltr'>praebent</span> 
     </span>
     <span class='ocr_line' id='line_1_39' title="bbox 87 2454 267 2485; baseline 0 0"><span class='ocrx_word' id='word_1_212' title='bbox 87 2454 267 2485; x_wconf 81' lang='lat' dir='ltr'>horninibus.</span> 
     </span>
    </p>

    <p class='ocr_par' dir='ltr' id='par_1_13' title="bbox 129 2495 759 2534">
     <span class='ocr_line' id='line_1_40' title="bbox 129 2495 759 2534; baseline -0.002 -7"><span class='ocrx_word' id='word_1_213' title='bbox 129 2506 167 2534; x_wconf 88' lang='lat'>25</span> <span class='ocrx_word' id='word_1_214' title='bbox 200 2497 221 2527; x_wconf 87' lang='lat' dir='ltr'>P</span> <span class='ocrx_word' id='word_1_215' title='bbox 231 2506 252 2527; x_wconf 82' lang='lat' dir='ltr'>R</span> <span class='ocrx_word' id='word_1_216' title='bbox 261 2506 282 2527; x_wconf 95' lang='lat' dir='ltr'>o</span> <span class='ocrx_word' id='word_1_217' title='bbox 291 2506 308 2526; x_wconf 93' lang='lat' dir='ltr'>v</span> <span class='ocrx_word' id='word_1_218' title='bbox 319 2505 340 2526; x_wconf 93' lang='lat' dir='ltr'>o</span> <span class='ocrx_word' id='word_1_219' title='bbox 350 2504 366 2526; x_wconf 88' lang='lat' dir='ltr'>c</span> <span class='ocrx_word' id='word_1_220' title='bbox 376 2505 393 2527; x_wconf 78' lang='lat' dir='ltr'>E</span> <span class='ocrx_word' id='word_1_221' title='bbox 402 2505 422 2526; x_wconf 83' lang='lat' dir='ltr'>T</span> <span class='ocrx_word' id='word_1_222' title='bbox 435 2498 443 2531; x_wconf 64' lang='lat'>1</span> <span class='ocrx_word' id='word_1_223' title='bbox 467 2495 566 2526; x_wconf 87' lang='lat' dir='ltr'>Vocet</span> <span class='ocrx_word' id='word_1_224' title='bbox 580 2505 596 2526; x_wconf 92' lang='lat' dir='ltr'>e</span> <span class='ocrx_word' id='word_1_225' title='bbox 609 2497 759 2527; x_wconf 85' lang='lat' dir='ltr'>convivio.</span> 
     </span>
    </p>

    <p class='ocr_par' dir='ltr' id='par_1_14' title="bbox 129 2536 847 2579">
     <span class='ocr_line' id='line_1_41' title="bbox 129 2536 847 2579; baseline 0.001 -10"><span class='ocrx_word' id='word_1_226' title='bbox 129 2539 177 2569; x_wconf 86' lang='lat'>26.</span> <span class='ocrx_word' id='word_1_227' title='bbox 198 2538 359 2571; x_wconf 61' lang='lat' dir='ltr'>Facmr</span> <span class='ocrx_word' id='word_1_228' title='bbox 382 2546 554 2577; x_wconf 67' lang='lat' dir='ltr'>MORAMj</span> <span class='ocrx_word' id='word_1_229' title='bbox 576 2536 732 2579; x_wconf 77' lang='lat' dir='ltr'>Moretur,</span> <span class='ocrx_word' id='word_1_230' title='bbox 753 2538 847 2570; x_wconf 83' lang='lat' dir='ltr'>ceffet.</span> 
     </span>
    </p>
   </div>
   <div class='ocr_carea' id='block_1_5' title="bbox 1492 1375 1702 1438">
    <p class='ocr_par' dir='ltr' id='par_1_15' title="bbox 1492 1375 1702 1438">
     <span class='ocr_line' id='line_1_42' title="bbox 1492 1375 1702 1438; baseline 0.01 -2"><span class='ocrx_word' id='word_1_231' title='bbox 1492 1375 1702 1438; x_wconf 75' lang='grc' dir='ltr'><strong>ΕΑΒ.</strong></span> 
     </span>
    </p>
   </div>
   <div class='ocr_carea' id='block_1_6' title="bbox 909 1455 1706 2543">
    <p class='ocr_par' dir='ltr' id='par_1_16' title="bbox 916 1455 1706 1531">
     <span class='ocr_line' id='line_1_43' title="bbox 961 1455 1706 1496; baseline 0.005 -8"><span class='ocrx_word' id='word_1_232' title='bbox 961 1465 1009 1496; x_wconf 91' lang='lat'>27.</span> <span class='ocrx_word' id='word_1_233' title='bbox 1032 1455 1223 1489; x_wconf 68' lang='lat' dir='ltr'>Excnnr</span> <span class='ocrx_word' id='word_1_234' title='bbox 1246 1456 1508 1496; x_wconf 65' lang='lat' dir='ltr'>Smoumzn]</span> <span class='ocrx_word' id='word_1_235' title='bbox 1531 1458 1622 1491; x_wconf 82' lang='lat' dir='ltr'>Extra</span> <span class='ocrx_word' id='word_1_236' title='bbox 1635 1469 1706 1493; x_wconf 82' lang='lat' dir='ltr'>eum</span> 
     </span>
     <span class='ocr_line' id='line_1_44' title="bbox 916 1498 1413 1531; baseline 0 -2"><span class='ocrx_word' id='word_1_237' title='bbox 916 1507 1014 1530; x_wconf 85' lang='lat' dir='ltr'>vocat.</span> <span class='ocrx_word' id='word_1_238' title='bbox 1037 1498 1126 1531; x_wconf 85' lang='lat' dir='ltr'>Nam</span> <span class='ocrx_word' id='word_1_239' title='bbox 1139 1504 1229 1530; x_wconf 81' lang='lat' dir='ltr'>citare</span> <span class='ocrx_word' id='word_1_240' title='bbox 1243 1500 1283 1530; x_wconf 87' lang='lat' dir='ltr'>est</span> <span class='ocrx_word' id='word_1_241' title='bbox 1296 1509 1413 1530; x_wconf 83' lang='lat' dir='ltr'>vocare.</span> 
     </span>
    </p>

    <p class='ocr_par' dir='ltr' id='par_1_17' title="bbox 916 1540 1706 1619">
     <span class='ocr_line' id='line_1_45' title="bbox 959 1540 1706 1583; baseline 0.003 -11"><span class='ocrx_word' id='word_1_242' title='bbox 959 1540 1007 1572; x_wconf 80' lang='lat'>28.</span> <span class='ocrx_word' id='word_1_243' title='bbox 1030 1541 1053 1572; x_wconf 87' lang='lat' dir='ltr'>P</span> <span class='ocrx_word' id='word_1_244' title='bbox 1062 1551 1084 1572; x_wconf 84' lang='lat' dir='ltr'>R</span> <span class='ocrx_word' id='word_1_245' title='bbox 1093 1551 1112 1571; x_wconf 95' lang='lat' dir='ltr'>o</span> <span class='ocrx_word' id='word_1_246' title='bbox 1120 1541 1174 1572; x_wconf 81' lang='grc' dir='ltr'>Μό</span> <span class='ocrx_word' id='word_1_247' title='bbox 1182 1550 1203 1572; x_wconf 77' lang='lat' dir='ltr'>R</span> <span class='ocrx_word' id='word_1_248' title='bbox 1213 1552 1237 1573; x_wconf 81' lang='lat' dir='ltr'><strong>A</strong></span> <span class='ocrx_word' id='word_1_249' title='bbox 1245 1544 1287 1578; x_wconf 82' lang='lat' dir='ltr'>T]</span> <span class='ocrx_word' id='word_1_250' title='bbox 1311 1540 1507 1573; x_wconf 82' lang='lat' dir='ltr'>Promoverat</span> <span class='ocrx_word' id='word_1_251' title='bbox 1515 1565 1523 1580; x_wconf 85' lang='lat'>,</span> <span class='ocrx_word' id='word_1_252' title='bbox 1537 1543 1586 1572; x_wconf 83' lang='lat' dir='ltr'>vix</span> <span class='ocrx_word' id='word_1_253' title='bbox 1600 1543 1706 1583; x_wconf 86' lang='lat' dir='ltr'>posue-</span> 
     </span>
     <span class='ocr_line' id='line_1_46' title="bbox 916 1582 1261 1619; baseline 0 -8"><span class='ocrx_word' id='word_1_254' title='bbox 916 1589 958 1612; x_wconf 87' lang='lat' dir='ltr'>rat</span> <span class='ocrx_word' id='word_1_255' title='bbox 971 1582 1078 1619; x_wconf 88' lang='lat' dir='ltr'>pedem</span> <span class='ocrx_word' id='word_1_256' title='bbox 1093 1592 1108 1611; x_wconf 91' lang='lat' dir='ltr'>e</span> <span class='ocrx_word' id='word_1_257' title='bbox 1121 1583 1261 1612; x_wconf 87' lang='lat' dir='ltr'>triclinio.</span> 
     </span>
    </p>

    <p class='ocr_par' dir='ltr' id='par_1_18' title="bbox 915 1618 1704 1702">
     <span class='ocr_line' id='line_1_47' title="bbox 955 1618 1704 1663; baseline 0.004 -10"><span class='ocrx_word' id='word_1_258' title='bbox 955 1621 1017 1653; x_wconf 81' lang='lat' dir='ltr'>TR</span> <span class='ocrx_word' id='word_1_259' title='bbox 1027 1633 1036 1653; x_wconf 89' lang='lat'>1</span> <span class='ocrx_word' id='word_1_260' title='bbox 1045 1630 1062 1652; x_wconf 92' lang='lat' dir='ltr'>c</span> <span class='ocrx_word' id='word_1_261' title='bbox 1072 1632 1107 1653; x_wconf 72' lang='grc' dir='ltr'>ιι</span> <span class='ocrx_word' id='word_1_262' title='bbox 1117 1633 1136 1653; x_wconf 78' lang='lat' dir='ltr'>N</span> <span class='ocrx_word' id='word_1_263' title='bbox 1145 1633 1154 1652; x_wconf 90' lang='lat'>1</span> <span class='ocrx_word' id='word_1_264' title='bbox 1164 1624 1207 1658; x_wconf 92' lang='lat' dir='ltr'>o]</span> <span class='ocrx_word' id='word_1_265' title='bbox 1237 1618 1413 1653; x_wconf 81' lang='lat' dir='ltr'>Triclinium</span> <span class='ocrx_word' id='word_1_266' title='bbox 1433 1623 1482 1653; x_wconf 90' lang='lat' dir='ltr'>hic</span> <span class='ocrx_word' id='word_1_267' title='bbox 1502 1622 1627 1654; x_wconf 83' lang='lat' dir='ltr'>sumitur</span> <span class='ocrx_word' id='word_1_268' title='bbox 1647 1633 1704 1663; x_wconf 85' lang='lat' dir='ltr'>pro</span> 
     </span>
     <span class='ocr_line' id='line_1_48' title="bbox 915 1663 1364 1702; baseline -0.004 -8"><span class='ocrx_word' id='word_1_269' title='bbox 915 1665 1053 1695; x_wconf 82' lang='lat' dir='ltr'>conclavi</span> <span class='ocrx_word' id='word_1_270' title='bbox 1069 1663 1097 1694; x_wconf 85' lang='lat'>&amp;</span> <span class='ocrx_word' id='word_1_271' title='bbox 1111 1664 1281 1694; x_wconf 86' lang='lat' dir='ltr'>coenatione</span> <span class='ocrx_word' id='word_1_272' title='bbox 1295 1663 1364 1702; x_wconf 87' lang='lat' dir='ltr'>ipsa.</span> 
     </span>
    </p>

    <p class='ocr_par' dir='ltr' id='par_1_19' title="bbox 915 1704 1704 1835">
     <span class='ocr_line' id='line_1_49' title="bbox 957 1704 1704 1745; baseline 0.001 -9"><span class='ocrx_word' id='word_1_273' title='bbox 957 1715 1006 1745; x_wconf 84' lang='lat'>29.</span> <span class='ocrx_word' id='word_1_274' title='bbox 1031 1704 1185 1736; x_wconf 83' lang='lat' dir='ltr'>CAMAR</span> <span class='ocrx_word' id='word_1_275' title='bbox 1195 1708 1243 1743; x_wconf 50' lang='grc' dir='ltr'>ἢ]</span> <span class='ocrx_word' id='word_1_276' title='bbox 1279 1704 1409 1734; x_wconf 71' lang='lat' dir='ltr'>Cumara</span> <span class='ocrx_word' id='word_1_277' title='bbox 1430 1704 1527 1735; x_wconf 80' lang='lat' dir='ltr'>fornix</span> <span class='ocrx_word' id='word_1_278' title='bbox 1555 1705 1593 1736; x_wconf 86' lang='lat' dir='ltr'>est</span> <span class='ocrx_word' id='word_1_279' title='bbox 1607 1729 1615 1743; x_wconf 84' lang='lat'>‚</span> <span class='ocrx_word' id='word_1_280' title='bbox 1645 1705 1704 1738; x_wconf 84' lang='lat' dir='ltr'>five</span> 
     </span>
     <span class='ocr_line' id='line_1_50' title="bbox 915 1745 1702 1788; baseline 0.004 -11"><span class='ocrx_word' id='word_1_281' title='bbox 915 1746 1028 1778; x_wconf 62' lang='lat' dir='ltr'>teetum</span> <span class='ocrx_word' id='word_1_282' title='bbox 1050 1746 1233 1778; x_wconf 83' lang='lat' dir='ltr'>fornicatum</span> <span class='ocrx_word' id='word_1_283' title='bbox 1246 1770 1256 1787; x_wconf 80' lang='lat'>,</span> <span class='ocrx_word' id='word_1_284' title='bbox 1282 1745 1367 1788; x_wconf 70' lang='lat' dir='ltr'>Be1g‚</span> <span class='ocrx_word' id='word_1_285' title='bbox 1394 1745 1516 1785; x_wconf 82' lang='lat' dir='ltr'>Gewelf</span> <span class='ocrx_word' id='word_1_286' title='bbox 1523 1770 1532 1786; x_wconf 83' lang='lat'>,</span> <span class='ocrx_word' id='word_1_287' title='bbox 1561 1757 1578 1778; x_wconf 85' lang='lat' dir='ltr'>a</span> <span class='ocrx_word' id='word_1_288' title='bbox 1594 1746 1702 1780; x_wconf 78' lang='lat' dir='ltr'>Graeco</span> 
     </span>
     <span class='ocr_line' id='line_1_51' title="bbox 915 1789 1073 1835; baseline -0.006 -11"><span class='ocrx_word' id='word_1_289' title='bbox 915 1789 1073 1835; x_wconf 59' lang='grc' dir='ltr'>Καμάρρτ.</span> 
     </span>
    </p>

    <p class='ocr_par' dir='ltr' id='par_1_20' title="bbox 913 1836 1704 1920">
     <span class='ocr_line' id='line_1_52' title="bbox 955 1836 1704 1881; baseline 0.005 -14"><span class='ocrx_word' id='word_1_290' title='bbox 955 1836 1006 1867; x_wconf 81' lang='lat' dir='ltr'>Su</span> <span class='ocrx_word' id='word_1_291' title='bbox 1016 1846 1032 1868; x_wconf 84' lang='lat' dir='ltr'><strong>B</strong></span> <span class='ocrx_word' id='word_1_292' title='bbox 1042 1847 1051 1868; x_wconf 88' lang='lat'>1</span> <span class='ocrx_word' id='word_1_293' title='bbox 1061 1845 1080 1867; x_wconf 84' lang='lat' dir='ltr'>T</span> <span class='ocrx_word' id='word_1_294' title='bbox 1091 1837 1131 1876; x_wconf 89' lang='lat' dir='ltr'>o]</span> <span class='ocrx_word' id='word_1_295' title='bbox 1156 1838 1213 1868; x_wconf 89' lang='lat' dir='ltr'>Vir</span> <span class='ocrx_word' id='word_1_296' title='bbox 1233 1836 1406 1869; x_wconf 88' lang='lat' dir='ltr'>clariffimus</span> <span class='ocrx_word' id='word_1_297' title='bbox 1428 1837 1529 1868; x_wconf 89' lang='lat' dir='ltr'>Petrus</span> <span class='ocrx_word' id='word_1_298' title='bbox 1543 1837 1704 1881; x_wconf 75' lang='lat' dir='ltr'>Francius,</span> 
     </span>
     <span class='ocr_line' id='line_1_53' title="bbox 913 1878 1582 1920; baseline 0 -11"><span class='ocrx_word' id='word_1_299' title='bbox 913 1878 1024 1920; x_wconf 85' lang='lat' dir='ltr'>grande</span> <span class='ocrx_word' id='word_1_300' title='bbox 1037 1880 1214 1918; x_wconf 74' lang='lat' dir='ltr'>eloquentiae</span> <span class='ocrx_word' id='word_1_301' title='bbox 1227 1879 1465 1918; x_wconf 48' lang='lat' dir='ltr'>decugmalebar</span> <span class='ocrx_word' id='word_1_302' title='bbox 1473 1881 1582 1919; x_wconf 73' lang='lat' dir='ltr'>subita.</span> 
     </span>
    </p>

    <p class='ocr_par' dir='ltr' id='par_1_21' title="bbox 913 1919 1705 2004">
     <span class='ocr_line' id='line_1_54' title="bbox 955 1919 1705 1962; baseline 0.005 -12"><span class='ocrx_word' id='word_1_303' title='bbox 955 1929 1003 1962; x_wconf 83' lang='lat'>30.</span> <span class='ocrx_word' id='word_1_304' title='bbox 1025 1919 1089 1951; x_wconf 77' lang='lat' dir='ltr'>An</span> <span class='ocrx_word' id='word_1_305' title='bbox 1111 1929 1281 1962; x_wconf 71' lang='lat' dir='ltr'>JANUAM</span> <span class='ocrx_word' id='word_1_306' title='bbox 1296 1923 1308 1958; x_wconf 94' lang='lat'>]</span> <span class='ocrx_word' id='word_1_307' title='bbox 1338 1920 1387 1952; x_wconf 84' lang='lat' dir='ltr'>Ad</span> <span class='ocrx_word' id='word_1_308' title='bbox 1404 1922 1464 1952; x_wconf 84' lang='lat' dir='ltr'>loci</span> <span class='ocrx_word' id='word_1_309' title='bbox 1484 1920 1613 1962; x_wconf 78' lang='lat' dir='ltr'>designat</span> <span class='ocrx_word' id='word_1_310' title='bbox 1634 1931 1705 1962; x_wconf 88' lang='lat' dir='ltr'>pro-</span> 
     </span>
     <span class='ocr_line' id='line_1_55' title="bbox 913 1962 1434 2004; baseline 0.002 -12"><span class='ocrx_word' id='word_1_311' title='bbox 913 1962 1120 2001; x_wconf 83' lang='lat' dir='ltr'>pinquitatem.</span> <span class='ocrx_word' id='word_1_312' title='bbox 1143 1962 1216 1994; x_wconf 87' lang='lat' dir='ltr'>Vid.</span> <span class='ocrx_word' id='word_1_313' title='bbox 1230 1964 1250 1992; x_wconf 83' lang='lat'>1.</span> <span class='ocrx_word' id='word_1_314' title='bbox 1267 1972 1292 1993; x_wconf 92' lang='lat'>1.</span> <span class='ocrx_word' id='word_1_315' title='bbox 1308 1962 1358 1993; x_wconf 83' lang='lat' dir='ltr'>fab</span> <span class='ocrx_word' id='word_1_316' title='bbox 1386 1972 1434 2004; x_wconf 85' lang='lat'>13.</span> 
     </span>
    </p>

    <p class='ocr_par' dir='ltr' id='par_1_22' title="bbox 955 2001 1604 2045">
     <span class='ocr_line' id='line_1_56' title="bbox 955 2001 1604 2045; baseline -0.002 -10"><span class='ocrx_word' id='word_1_317' title='bbox 955 2013 1005 2045; x_wconf 80' lang='lat'>31.</span> <span class='ocrx_word' id='word_1_318' title='bbox 1028 2001 1283 2040; x_wconf 79' lang='lat' dir='ltr'>VULGATUS]</span> <span class='ocrx_word' id='word_1_319' title='bbox 1306 2002 1444 2035; x_wconf 86' lang='lat' dir='ltr'>Rumore</span> <span class='ocrx_word' id='word_1_320' title='bbox 1457 2003 1604 2045; x_wconf 84' lang='lat' dir='ltr'>cognitus.</span> 
     </span>
    </p>

    <p class='ocr_par' dir='ltr' id='par_1_23' title="bbox 910 2044 1698 2170">
     <span class='ocr_line' id='line_1_57' title="bbox 953 2044 1698 2083; baseline 0.001 -6"><span class='ocrx_word' id='word_1_321' title='bbox 953 2045 1080 2077; x_wconf 79' lang='lat' dir='ltr'>ORDo</span> <span class='ocrx_word' id='word_1_322' title='bbox 1102 2053 1312 2083; x_wconf 68' lang='lat' dir='ltr'>NARRATAE</span> <span class='ocrx_word' id='word_1_323' title='bbox 1334 2047 1422 2082; x_wconf 75' lang='lat' dir='ltr'>RElj</span> <span class='ocrx_word' id='word_1_324' title='bbox 1446 2044 1540 2076; x_wconf 81' lang='lat' dir='ltr'>Series</span> <span class='ocrx_word' id='word_1_325' title='bbox 1553 2047 1604 2077; x_wconf 89' lang='lat' dir='ltr'>rei.</span> <span class='ocrx_word' id='word_1_326' title='bbox 1626 2045 1698 2078; x_wconf 86' lang='lat' dir='ltr'>No-</span> 
     </span>
     <span class='ocr_line' id='line_1_58' title="bbox 911 2086 1695 2127; baseline 0 -10"><span class='ocrx_word' id='word_1_327' title='bbox 911 2093 952 2117; x_wconf 90' lang='lat' dir='ltr'>tat</span> <span class='ocrx_word' id='word_1_328' title='bbox 965 2089 1099 2118; x_wconf 82' lang='lat' dir='ltr'>maxima</span> <span class='ocrx_word' id='word_1_329' title='bbox 1113 2088 1301 2125; x_wconf 72' lang='lat' dir='ltr'>minimaque</span> <span class='ocrx_word' id='word_1_330' title='bbox 1314 2086 1447 2118; x_wconf 61' lang='lat' dir='ltr'>distincte</span> <span class='ocrx_word' id='word_1_331' title='bbox 1461 2087 1594 2127; x_wconf 82' lang='lat' dir='ltr'>exposita.</span> <span class='ocrx_word' id='word_1_332' title='bbox 1624 2087 1695 2119; x_wconf 83' lang='lat' dir='ltr'>Ter.</span> 
     </span>
     <span class='ocr_line' id='line_1_59' title="bbox 910 2128 1170 2170; baseline -0.004 -11"><span class='ocrx_word' id='word_1_333' title='bbox 910 2128 1037 2169; x_wconf 85' lang='lat' dir='ltr'>Adelph.</span> <span class='ocrx_word' id='word_1_334' title='bbox 1054 2139 1081 2170; x_wconf 83' lang='lat'>3.</span> <span class='ocrx_word' id='word_1_335' title='bbox 1098 2138 1126 2168; x_wconf 85' lang='lat'>4.</span> <span class='ocrx_word' id='word_1_336' title='bbox 1145 2140 1170 2160; x_wconf 92' lang='lat'>1.</span> 
     </span>
    </p>

    <p class='ocr_par' dir='ltr' id='par_1_24' title="bbox 991 2169 1599 2284">
     <span class='ocr_line' id='line_1_60' title="bbox 1178 2169 1554 2209; baseline -0.005 -7"><span class='ocrx_word' id='word_1_337' title='bbox 1178 2170 1301 2202; x_wconf 85' lang='lat' dir='ltr'>Omnem</span> <span class='ocrx_word' id='word_1_338' title='bbox 1313 2180 1374 2201; x_wconf 82' lang='lat' dir='ltr'>rem</span> <span class='ocrx_word' id='word_1_339' title='bbox 1388 2169 1554 2209; x_wconf 64' lang='lat' dir='ltr'>modostni,</span> 
     </span>
     <span class='ocr_line' id='line_1_61' title="bbox 991 2210 1599 2284; baseline 0 -44"><span class='ocrx_word' id='word_1_340' title='bbox 991 2211 1056 2284; x_wconf 49' lang='lat' dir='ltr'><em>Q</em></span> <span class='ocrx_word' id='word_1_341' title='bbox 1062 2210 1146 2253; x_wconf 64' lang='lat' dir='ltr'>padio</span> <span class='ocrx_word' id='word_1_342' title='bbox 1159 2211 1289 2249; x_wconf 76' lang='lat' dir='ltr'>haberet,</span> <span class='ocrx_word' id='word_1_343' title='bbox 1310 2222 1477 2241; x_wconf 78' lang='lat' dir='ltr'>enarramus</span> <span class='ocrx_word' id='word_1_344' title='bbox 1490 2211 1599 2241; x_wconf 77' lang='lat' dir='ltr'>ordine.</span> 
     </span>
    </p>

    <p class='ocr_par' dir='ltr' id='par_1_25' title="bbox 913 2249 1697 2325">
     <span class='ocr_line' id='line_1_62' title="bbox 952 2249 1697 2294; baseline -0.003 -10"><span class='ocrx_word' id='word_1_345' title='bbox 952 2263 999 2294; x_wconf 77' lang='lat'>32.</span> <span class='ocrx_word' id='word_1_346' title='bbox 1067 2254 1255 2288; x_wconf 67' lang='grc' dir='ltr'>υΜιΝυΜ]</span> <span class='ocrx_word' id='word_1_347' title='bbox 1277 2251 1572 2291; x_wconf 82' lang='lat' dir='ltr'>Deorum‚Castoris</span> <span class='ocrx_word' id='word_1_348' title='bbox 1585 2251 1613 2283; x_wconf 75' lang='grc' dir='ltr'>ἃ</span> <span class='ocrx_word' id='word_1_349' title='bbox 1628 2249 1697 2282; x_wconf 80' lang='lat' dir='ltr'>Poi-</span> 
     </span>
     <span class='ocr_line' id='line_1_63' title="bbox 913 2296 995 2325; baseline 0 0"><span class='ocrx_word' id='word_1_350' title='bbox 913 2296 995 2325; x_wconf 86' lang='lat' dir='ltr'>lucis.</span> 
     </span>
    </p>

    <p class='ocr_par' dir='ltr' id='par_1_26' title="bbox 955 2334 1474 2378">
     <span class='ocr_line' id='line_1_64' title="bbox 955 2334 1474 2378; baseline -0.004 -11"><span class='ocrx_word' id='word_1_351' title='bbox 955 2346 1001 2378; x_wconf 66' lang='lat'>‘⁸3.</span> <span class='ocrx_word' id='word_1_352' title='bbox 1023 2336 1085 2368; x_wconf 83' lang='lat' dir='ltr'>VA</span> <span class='ocrx_word' id='word_1_353' title='bbox 1094 2345 1114 2366; x_wconf 88' lang='lat' dir='ltr'>T</span> <span class='ocrx_word' id='word_1_354' title='bbox 1123 2336 1154 2372; x_wconf 87' lang='lat' dir='ltr'>r]</span> <span class='ocrx_word' id='word_1_355' title='bbox 1177 2334 1342 2368; x_wconf 85' lang='lat' dir='ltr'>Simonidae</span> <span class='ocrx_word' id='word_1_356' title='bbox 1372 2335 1474 2374; x_wconf 81' lang='lat' dir='ltr'>po‘e&#39;tae.</span> 
     </span>
    </p>

    <p class='ocr_par' dir='ltr' id='par_1_27' title="bbox 912 2358 1696 2460">
     <span class='ocr_line' id='line_1_65' title="bbox 953 2358 1696 2414; baseline -0.003 -5"><span class='ocrx_word' id='word_1_357' title='bbox 953 2358 1126 2410; x_wconf 59' lang='lat' dir='ltr'>brzmssr</span> <span class='ocrx_word' id='word_1_358' title='bbox 1149 2380 1299 2414; x_wconf 61' lang='grc' dir='ltr'>νιτΑΜῙ</span> <span class='ocrx_word' id='word_1_359' title='bbox 1337 2376 1528 2409; x_wconf 60' lang='lat' dir='ltr'>Ineolumeni</span> <span class='ocrx_word' id='word_1_360' title='bbox 1548 2387 1618 2409; x_wconf 86' lang='lat' dir='ltr'>eum</span> <span class='ocrx_word' id='word_1_361' title='bbox 1640 2375 1696 2407; x_wconf 70' lang='lat' dir='ltr'>ser·-</span> 
     </span>
     <span class='ocr_line' id='line_1_66' title="bbox 912 2420 1365 2460; baseline -0.002 -10"><span class='ocrx_word' id='word_1_362' title='bbox 912 2420 1004 2460; x_wconf 71' lang='lat' dir='ltr'>vaste,</span> <span class='ocrx_word' id='word_1_363' title='bbox 1026 2430 1096 2451; x_wconf 88' lang='lat' dir='ltr'>cum</span> <span class='ocrx_word' id='word_1_364' title='bbox 1112 2421 1215 2458; x_wconf 85' lang='lat' dir='ltr'>reliqui</span> <span class='ocrx_word' id='word_1_365' title='bbox 1230 2420 1365 2458; x_wconf 81' lang='lat' dir='ltr'>perirent.</span> 
     </span>
    </p>

    <p class='ocr_par' dir='ltr' id='par_1_28' title="bbox 909 2460 1696 2543">
     <span class='ocr_line' id='line_1_67' title="bbox 952 2460 1696 2501; baseline -0.008 -8"><span class='ocrx_word' id='word_1_366' title='bbox 952 2461 991 2492; x_wconf 88' lang='lat' dir='ltr'>M</span> <span class='ocrx_word' id='word_1_367' title='bbox 999 2472 1017 2493; x_wconf 78' lang='lat' dir='ltr'>E</span> <span class='ocrx_word' id='word_1_368' title='bbox 1026 2472 1047 2493; x_wconf 84' lang='lat' dir='ltr'>R</span> <span class='ocrx_word' id='word_1_369' title='bbox 1056 2470 1073 2493; x_wconf 86' lang='lat' dir='ltr'><strong>c</strong></span> <span class='ocrx_word' id='word_1_370' title='bbox 1082 2471 1101 2493; x_wconf 80' lang='lat' dir='ltr'>E</span> <span class='ocrx_word' id='word_1_371' title='bbox 1109 2470 1149 2492; x_wconf 78' lang='lat' dir='ltr'>Dr</span> <span class='ocrx_word' id='word_1_372' title='bbox 1158 2467 1192 2496; x_wconf 82' lang='grc'>5]</span> <span class='ocrx_word' id='word_1_373' title='bbox 1232 2460 1334 2501; x_wconf 85' lang='lat' dir='ltr'>Quam</span> <span class='ocrx_word' id='word_1_374' title='bbox 1358 2463 1534 2492; x_wconf 81' lang='lat' dir='ltr'>convivator</span> <span class='ocrx_word' id='word_1_375' title='bbox 1560 2462 1696 2490; x_wconf 86' lang='lat' dir='ltr'>noluerat</span> 
     </span>
     <span class='ocr_line' id='line_1_68' title="bbox 909 2499 1696 2543; baseline -0.004 -8"><span class='ocrx_word' id='word_1_376' title='bbox 909 2504 1022 2535; x_wconf 81' lang='lat' dir='ltr'>solvere</span> <span class='ocrx_word' id='word_1_377' title='bbox 1036 2529 1044 2543; x_wconf 94' lang='lat'>‚</span> <span class='ocrx_word' id='word_1_378' title='bbox 1072 2504 1122 2535; x_wconf 90' lang='lat' dir='ltr'>sed</span> <span class='ocrx_word' id='word_1_379' title='bbox 1136 2504 1244 2534; x_wconf 75' lang='lat' dir='ltr'>dixerat</span> <span class='ocrx_word' id='word_1_380' title='bbox 1259 2503 1438 2541; x_wconf 78' lang='lat' dir='ltr'>reddituros,</span> <span class='ocrx_word' id='word_1_381' title='bbox 1454 2511 1582 2541; x_wconf 85' lang='lat' dir='ltr'>quorum</span> <span class='ocrx_word' id='word_1_382' title='bbox 1596 2499 1696 2531; x_wconf 73' lang='lat' dir='ltr'>landes</span> 
     </span>
    </p>
   </div>
   <div class='ocr_carea' id='block_1_7' title="bbox 909 2543 1696 2612">
    <p class='ocr_par' dir='ltr' id='par_1_29' title="bbox 909 2543 1696 2612">
     <span class='ocr_line' id='line_1_69' title="bbox 909 2543 1696 2612; baseline -0.008 -34"><span class='ocrx_word' id='word_1_383' title='bbox 909 2547 940 2579; x_wconf 87' lang='lat' dir='ltr'>iu</span> <span class='ocrx_word' id='word_1_384' title='bbox 954 2547 1089 2581; x_wconf 86' lang='lat' dir='ltr'>carmine</span> <span class='ocrx_word' id='word_1_385' title='bbox 1103 2547 1299 2579; x_wconf 79' lang='lat' dir='ltr'>celebraverat</span> <span class='ocrx_word' id='word_1_386' title='bbox 1315 2543 1493 2579; x_wconf 78' lang='lat' dir='ltr'>Simonides.</span> <span class='ocrx_word' id='word_1_387' title='bbox 1589 2579 1620 2612; x_wconf 69' lang='lat' dir='ltr'>A</span> <span class='ocrx_word' id='word_1_388' title='bbox 1661 2577 1696 2611; x_wconf 77' lang='lat' dir='ltr'>D</span> 
     </span>
    </p>
   </div>
   <div class='ocr_carea' id='block_1_8' title="bbox 1718 1031 1765 1071">
    <p class='ocr_par' dir='ltr' id='par_1_30' title="bbox 1718 1031 1765 1071">
     <span class='ocr_line' id='line_1_70' title="bbox 1718 1031 1765 1071; baseline 0 -12"><span class='ocrx_word' id='word_1_389' title='bbox 1718 1031 1765 1071; x_wconf 75' lang='lat'>30</span> 
     </span>
    </p>
   </div>
  </div>
 </body>
</html>
