2007 2771
274 102 567 180 LIBRI
637 100 779 161 ΙΙΙ.
857 99 1284 161 FABULA
1340 102 1586 168 XVII.
1619 116 1621 118 “
1694 124 1758 178 83

151 205 358 266 Potare
389 203 467 265 est
496 204 724 263 animus
756 197 986 265 11εᾶ31,
1024 198 1194 284 quod
1225 199 1405 262 Pallas
1435 202 1585 265 mihi

149 300 362 384 Nuper
391 298 672 360 donavit:
724 297 766 358 fi
797 318 923 359 non
949 296 1205 365 fastidis,
1255 302 1424 363 venis

148 398 295 460 Una
327 396 617 458 bibamus.
676 394 809 463 Illa,
860 418 987 481 quae
1014 398 1249 459 ardebat
1279 397 1398 462 firi,
1782 426 1821 461 1>-

148 494 334 556 Simul
362 497 653 577 cognovit
678 516 896 558 vocem
925 494 1147 557 laudari
1176 492 1338 557 suam
1357 538 1373 563 ,

147 591 388 678 Cupide
423 593 740 659 advolavit.
792 595 1034 660 Nocstua
1067 593 1344 679 egressae
1371 617 1520 658 cavo

147 692 575 777 Trepidantem
606 691 933 757 conseerarta
968 695 1080 771 est,
1126 699 1194 761 &
1223 698 1341 759 leto
1370 698 1551 760 dedit.
1639 705 1641 707 ’

148 793 241 852 Sic
272 794 413 855 Viva
440 790 604 876 quod
633 810 909 873 negarat,
961 792 1160 855 tribuit
1186 814 1434 858 mortua.

142 914 244 955 Dicit,
265 924 367 948 cantus
383 916 444 955 ejus
459 915 514 947 csse
535 924 597 947 tam
621 917 766 957 elegantes
780 939 789 954 ,
811 923 843 946 ut
865 916 931 955 pos-
1052 918 1224 958 Unafimur,
1247 923 1299 950 ait.

145 957 197 987 fint
212 960 356 998 componi
371 967 442 989 cum
457 959 590 988 cantibus
604 957 764 996 Apollinis.
1013 957 1053 989 IL
1062 969 1081 989 L
1090 969 1110 989 A
1126 984 1134 998 ‚
1157 971 1178 998 Q
1188 971 1209 991 U
1218 970 1244 990 κε
1267 973 1285 991 Α
1299 971 1319 992 R
1329 971 1377 992 DE
1387 973 1402 993 n
1411 971 1433 992 A
1443 972 1462 993 T
1481 963 1492 998 ]
1536 962 1606 1006 Quae
1633 962 1756 991 ardebat.

188 1008 233 1040 13.
256 998 446 1036 POTARE]
469 998 572 1030 Bibere
587 1000 694 1040 largius
708 1022 717 1038 ,
738 1007 787 1037 per
804 998 931 1029 hilarita·
972 997 1022 1029 Sic
1042 1000 1120 1031 reete
1133 1025 1142 1040 ,
1173 1012 1236 1032 non
1257 1007 1325 1045 quia
1341 1028 1349 1042 ,
1387 1012 1417 1033 nt
1440 1007 1587 1035 nonnulla
1607 1004 1758 1042 praeferunt

142 1045 204 1071 tem
219 1041 313 1071 animi
334 1051 368 1071 ex
384 1048 483 1071 cantu.
971 1044 1164 1081 exemplar-iffi
1188 1050 1218 1074 ut
1232 1046 1344 1084 valeat,
1367 1044 1433 1085 Ma,
1455 1054 1486 1075 ut
1501 1057 1560 1088 quae
1573 1046 1689 1075 ardebat
1703 1044 1757 1074 ἃς.

183 1080 270 1112 NEC
281 1083 383 1118 TAR]
406 1081 517 1113 Potum
531 1081 666 1113 deorum.
699 1080 795 1112 Panas
810 1081 929 1114 dederat
971 1081 1020 1113 Sic
1034 1083 1119 1121 hujus
1135 1086 1182 1115 lib*
1200 1085 1258 1115 fab.
1278 1096 1323 1124 19.

140 1120 272 1153 Noetuae
286 1124 401 1162 nectar,
424 1125 493 1163 quia
507 1124 568 1154 avis
583 1123 621 1154 est
636 1124 685 1162 ipfi
700 1123 789 1154 sacra.
1052 1126 1141 1164 Sensit
1149 1126 1286 1167 profem,
1301 1128 1334 1166 Ji·
1347 1127 1489 1158 hominem
1505 1139 1558 1158 non
1573 1127 1741 1167 wsumsem'
1749 1151 1757 1165 ‚

181 1163 262 1196 PAL
272 1168 363 1202 LAS]
386 1164 454 1197 Dea
469 1165 614 1205 sapientiae
628 1189 636 1203 ‚
657 1165 739 1202 Jovis
755 1165 816 1194 filia
828 1188 837 1203 ‚
862 1171 931 1195 nata
1053 1165 1250 1208 Intempestive
1282 1172 1313 1198 αι’
1327 1177 1454 1210 occupato
1469 1169 1612 1208 adlzgscrit.

140 1213 174 1235 ex
191 1206 275 1246 ipfius
290 1209 426 1247 cerebro,
454 1214 485 1237 ut
506 1208 663 1247 vulgatum
684 1205 732 1236 est.
763 1204 791 1235 V
794 1205 833 1238 id.
858 1205 883 1236 F
885 1206 929 1237 ab.
1013 1205 1213 1239 ARDEBAT
1225 1212 1235 1245 j
1291 1211 1458 1240 chementer
1474 1211 1591 1240 fitiebat.

140 1246 200 1286 seq.
1015 1247 1061 1278 16.
1084 1250 1104 1280 S
1114 1259 1156 1280 1M
1166 1260 1187 1281 U
1198 1254 1238 1289 L]
1262 1251 1389 1281 Stmalac
1404 1275 1412 1290 ‚
1434 1258 1465 1282 ut
1476 1252 1542 1289 jam]
1557 1256 1623 1281 ante
1638 1251 1758 1281 monui*

184 1298 230 1328 14.
253 1288 291 1320 S1
314 1299 393 1322 NON
416 1289 629 1324 FAsrxms]
658 1287 690 1318 Si
714 1298 778 1320 non
793 1295 930 1319 contem-
971 1297 1048 1320 mus.

140 1329 185 1360 nis
200 1329 299 1362 nefiar
312 1332 394 1363 illud.
417 1330 442 1362 F
444 1332 562 1362 ormula
581 1331 771 1362 humanitatis
786 1329 814 1360 ὅ(
828 1331 922 1361 civilis
1009 1337 1056 1367 17.
1079 1329 1104 1360 E
1126 1330 1265 1367 Cavo]
1288 1332 1318 1362 E
1332 1345 1403 1365 cavo
1418 1345 1512 1372 ramo,
1534 1340 1565 1364 ut
1580 1333 1674 1373 supra.

139 1373 296 1412 elegantiae.
1010 1370 1055 1402 18.
1081 1371 1111 1403 L
1121 1381 1167 1404 ET
1177 1382 1199 1403 o
1221 1382 1270 1404 DE
1283 1377 1374 1412 mr]
1398 1375 1441 1406 lta
1456 1376 1503 1405 lib.
1523 1385 1549 1406 1.
1564 1376 1584 1406 f.
1600 1386 1647 1407 22.

183 1421 227 1451 15.
252 1412 348 1445 UNA
368 1421 493 1444 ΒιΒΑΜ
502 1414 569 1450 us]
592 1411 751 1443 Horatius:
1169 1415 1328 1456 Improbum
1342 1416 1395 1447 leto
1409 1418 1497 1448 dedit.

439 1577 504 1656 F
619 1576 698 1657 A
814 1580 896 1657 Β.
1030 1577 1457 1658 XVII.

313 1725 684 1768 ARBORES
730 1725 812 1765 IN
858 1726 1204 1768 DEORUM
1250 1727 1587 1770 TUTELA.

137 1840 262 1954 O
282 1860 320 1903 L
339 1866 355 1903 1
375 1860 425 1903 M
468 1865 610 1927 quas
641 1844 861 1908 Vellent
889 1845 998 1907 effe
1028 1848 1089 1907 in
1117 1846 1298 1908 tutela
1333 1846 1462 1924 sua,

1601 1949 1749 2014 Divi

654 2041 685 2072 A
727 2040 760 2071 D
843 2040 867 2071 F
910 2041 940 2073 A
982 2041 1017 2072 Β,
1100 2042 1132 2072 Χ
1155 2041 1183 2071 V
1207 2041 1219 2072 I
1242 2041 1262 2071 Ι.

136 2092 225 2124 Extat
239 2095 298 2124 haec
312 2094 412 2126 fabula
425 2095 550 2126 totidem
565 2097 658 2127 verbis
674 2097 751 2135 apud
766 2097 920 2129 Perottum
1004 2100 1070 2130 rarii
1092 2099 1120 2129 ὅτ
1141 2100 1165 2129 F
1168 2101 1247 2130 a'c'rni
1270 2099 1389 2131 Fabulis
1405 2125 1412 2139 ‚
1442 2111 1505 2141 quae
1525 2103 1613 2133 hodie
1628 2112 1747 2143 quoque

177 2134 350 2175 Cornucop.
372 2146 399 2175 p.
425 2146 512 2177 1042.
535 2147 627 2176 quam
649 2140 697 2169 ille
719 2139 789 2170 dicit
806 2139 833 2169 se
849 2140 920 2170 ado·
1004 2142 1249 2171 circumferuntur
1263 2165 1271 2179 ,
1294 2144 1438 2174 nonnihil.
1483 2143 1551 2175 vid,
1576 2143 1695 2175 Ludov.
1711 2147 1747 2177 de

180 2176 337 2207 lescentem
351 2179 381 2208 in
395 2179 514 2209 fabellas
528 2179 592 2210 suas
607 2189 640 2210 ex
654 2181 777 2212 Avieno
799 2181 921 2212 transtu·
1005 2184 1032 2212 Ia
1047 2181 1144 2213 Cerda
1159 2183 1196 2213 ad
1213 2182 1295 2224 Virg.
1312 2183 1417 2225 Eclog.
1432 2195 1465 2215 V1
1475 2195 1500 2215 1.
1517 2196 1544 2225 p.
1562 2196 1628 2226 142.
1642 2189 1747 2226 (quem

181 2217 248 2246 liffe.
291 2217 364 2256 Quo
378 2227 555 2261 argumento
577 2230 676 2252 motus
692 2222 792 2254 Petrus
807 2223 921 2254 Scrive-
1005 2225 1097 2254 miror
1118 2232 1212 2255 tacere
1233 2226 1269 2254 ibi
1292 2225 1328 2255 de
1349 2224 1488 2266 Phaedro,
1510 2238 1580 2258 cum
1596 2229 1623 2258 ἃ
1639 2229 1743 2259 Fai‘rnr

180 2268 237 2288 rius
253 2257 329 2289 Not.
344 2261 373 2290 in
388 2260 519 2291 Martial.
541 2272 567 2302 p.
584 2262 632 2293 88.
654 2273 691 2294 eo
712 2266 855 2295 inCIinare
874 2266 918 2295 vi-
1002 2266 1029 2295 &
1043 2266 1152 2297 Perotti
1175 2267 1306 2297 fabulam
1335 2277 1368 2297 ex
1390 2267 1511 2300 Phaedro
1534 2269 1701 2300 desinntain
1717 2280 1745 2300 e-

181 2299 265 2330 detur
279 2324 286 2338 ‚
314 2307 345 2330 ut
368 2303 518 2332 arbitretur
539 2306 589 2334 has
610 2314 715 2336 omnes
736 2307 848 2338 fabum<
863 2307 918 2337 effe
1003 2314 1113 2345 narret3
1125 2310 1266 2348 praecipue
1281 2311 1422 2340 cumanis
1438 2312 1467 2341 in
1485 2313 1558 2341 locis
1574 2314 1657 2341 toties
1667 2311 1745 2342 Pim-

181 2340 301 2372 Pei-otto
322 2341 524 2374 adscribendas
539 2369 547 2382 7
571 2345 724 2386 ipsumque
746 2348 821 2379 adeo
841 2348 919 2379 Phae-
1004 2349 1091 2379 drum
1108 2351 1196 2389 citet)
1218 2350 1245 2380 ἃ
1260 2351 1296 2381 de
1311 2349 1428 2382 Fa‘e‘rno
1443 2353 1563 2393 quidem
1578 2352 1744 2384 Thuanum

181 2383 269 2414 drum
290 2383 442 2415 auctorem
463 2384 517 2415 esse
531 2386 750 2426 supposititium.
793 2389 919 2421 Malum
1004 2391 1041 2420 ad
1063 2390 1102 2420 A.
1116 2400 1164 2423 cm
1179 2402 1207 2424 13
1223 2401 1284 2423 Lx1.
1315 2393 1452 2425 Gudium
1475 2404 1595 2434 qnoque
1616 2397 1644 2425 in
1667 2397 1743 2424 notis

181 2434 252 2455 vero
266 2424 374 2455 Perotti
389 2426 495 2457 dolum
510 2436 545 2457 ac
563 2428 715 2460 sublestam
729 2430 819 2462 fidem
833 2433 918 2462 meri·
1004 2432 1041 2462 ad
1057 2434 1135 2463 hunc
1150 2433 1302 2464 :merorem
1317 2444 1342 2474 p.
1360 2443 1428 2472 270.

180 2473 212 2496 to
229 2466 436 2505 infestatum&
451 2467 573 2500 Phaedro
588 2470 729 2509 suppetias
742 2475 822 2504 venit
832 2473 920 2512 Casp.
1008 2484 1032 2504 1.
1056 2473 1086 2512 Q
1096 2483 1116 2504 U
1127 2484 1148 2505 A
1159 2484 1173 2507 s
1197 2485 1214 2506 v
1224 2486 1241 2508 Ε
1252 2486 1268 2508 L
1279 2485 1351 2509 LEN
1362 2480 1401 2514 r]
1431 2478 1514 2518 Quas
1536 2478 1673 2508 volebant
1695 2476 1741 2505 fibi

183 2507 331 2549 Bauium,
352 2511 368 2539 l.
390 2510 437 2550 36.
453 2509 533 2541 Adv.
549 2522 573 2542 c.
592 2522 639 2543 21.
655 2513 703 2543 ubi
718 2512 745 2543 &
760 2515 796 2546 de
812 2515 921 2546 Came-
964 2514 1061 2586 sucrafi⁴
1072 2515 1135 2547 effe.
1643 2556 1670 2587 L

1086 2567 1102 2588 2
1278 2580 1280 2582 ,
1594 2569 1619 2588 2.
1672 2565 1745 2589 feli<
