2007 2771
415 59 1490 140 PRAEFATIO.

146 187 277 231 tem,
325 189 465 240 quam
499 170 718 219 Phaedrus
755 167 837 217 fibi
869 171 1058 220 indulfit
1083 210 1094 231 ,
1159 177 1207 221 in
1238 193 1294 222 eo
1329 174 1535 225 confistit
1559 214 1572 235 ‚
1622 183 1749 246 quod

144 244 349 309 quinque
370 243 579 308 priorum
602 238 775 305 pedum
801 237 1186 290 constitutionem
1204 241 1364 311 susqw
1388 243 1539 313 deque
1567 245 1751 309 habuit,

144 312 190 355 &
215 324 267 357 ut
290 312 355 356 ita
378 308 557 365 dicam,
597 305 716 354 casui
736 305 959 374 permisit.
1034 309 1282 379 Nusquam
1307 330 1417 359 vero
1442 312 1625 362 intrusit
1647 335 1751 365 ver..

144 375 263 424 sibus
288 376 372 425 suis
401 375 570 443 pedem
589 375 792 422 alienum
808 412 820 433 ,
859 393 944 424 nec
967 396 1189 445 umquam
1213 381 1259 425 in
1281 380 1449 429 ultima
1468 380 1572 430 sede
1586 384 1747 450 Jambi

142 446 504 493 collocationem
529 443 762 508 neglexit,
802 442 833 490 fi
858 459 1011 492 tamen
1035 445 1284 495 discesseris
1306 447 1363 496 ab
1386 467 1480 498 uno
1501 451 1637 510 loco,
1666 457 1749 521 qui

141 511 205 561 est
227 516 273 560 in
295 511 401 560 libri
426 514 578 580 quinti
602 509 762 559 fabula
782 512 949 561 ultima
967 550 979 571 ,
1016 512 1098 561 ubi
1131 534 1224 563 vox
1259 521 1454 576 latrans,
1494 523 1622 586 cujus
1653 525 1748 589 pri-

140 599 214 630 ma
242 579 305 629 est
329 581 495 646 longa,
533 578 712 628 versum
737 580 928 629 claudit.
982 583 1133 650 Qiod
1160 585 1529 635 animadvertens
1556 591 1626 636 vir
1649 608 1748 638 ma-

137 669 253 717 gnus
279 648 510 698 Gerardus
523 651 726 716 Joannes
739 647 922 699 Voffius
950 666 1089 717 negat
1115 651 1364 702 Phaedrum
1390 653 1478 703 effe
1508 655 1746 723 Augustaei

139 722 251 777 aevi,
291 718 571 769 reclamante
609 720 797 765 interim
837 716 956 766 Chr.
985 718 1139 768 Wasio
1170 723 1329 787 Anglo
1358 760 1369 781 ,
1422 727 1501 792 qui
1531 731 1746 774 Semurium

139 787 310 845 edidit,
350 804 463 854 opus
480 790 556 844 ,in
581 804 676 853 quo
701 784 803 852 post
830 786 942 833 alios
970 791 1067 854 agit
1093 788 1150 836 de
1179 790 1370 840 licentia
1392 808 1604 841 veterum
1631 804 1746 861 poe'-

140 871 291 904 tarum
306 892 318 913 ,
359 858 406 902 in
431 853 560 923 quod
585 854 731 901 incidi
755 853 945 901 demum
961 893 973 915 ,
1011 854 1257 924 postquam
1281 863 1440 908 onmia
1461 865 1582 928 typis
1600 860 1743 912 effent

139 923 404 991 descripta:
445 922 520 971 sed
547 925 611 970 ita
645 922 953 982 reclamante,
992 939 1045 971 ut
1082 922 1279 974 statuere
1316 929 1528 977 videatur
1566 929 1744 998 lapfiim

137 992 218 1042 hic
250 990 338 1040 esse
378 990 626 1053 Plhaedrum
662 993 727 1037 im
763 993 905 1038 eritiae
943 993 1080 1060 culpa
1104 1029 1116 1051 ,
1155 1012 1305 1063 neque
1342 997 1389 1044 id
1424 1001 1596 1046 mirum
1623 997 1741 1059 esse,

137 1080 245 1109 cum
281 1059 372 1128 ipse
410 1059 609 1107 fateatur
645 1057 688 1106 se
743 1057 952 1108 astidiose
986 1064 1034 1108 in
1073 1077 1251 1111 coetum
1291 1073 1535 1132 poetarum
1573 1071 1739 1136 recipi.

138 1128 286 1198 Qiafi
314 1147 408 1176 non
434 1128 558 1176 idem
573 1126 793 1174 Phaedrus
819 1128 918 1176 aliis
942 1129 1057 1177 locis
1077 1131 1217 1197 longe
1238 1132 1327 1181 alia
1350 1134 1407 1182 de
1433 1133 1475 1182 se
1499 1136 1738 1201 praedicet,

137 1196 345 1247 conscius
369 1196 514 1245 laudis
540 1194 623 1243 fibi
648 1194 817 1243 debitae
834 1232 846 1253 ‚
885 1203 930 1244 &
957 1196 1174 1247 secuturae
1190 1203 1571 1251 immortalitatis.
1613 1207 1737 1272 Qae

137 1285 249 1315 vero
273 1265 507 1314 medicina
532 1263 642 1312 huic
666 1262 812 1311 versui
850 1263 906 1312 ab
934 1265 1108 1314 insulfis
1135 1266 1493 1336 exscriptoribus
1519 1287 1687 1320 vexato
1714 1291 1742 1322 a

137 1334 272 1383 nobis
295 1333 349 1382 fit
374 1333 519 1391 faeta,
558 1333 686 1380 dicto
706 1332 813 1379 loco
837 1332 989 1400 potest
1002 1334 1165 1383 videri.
1205 1340 1313 1385 Huc
1336 1338 1454 1387 nihil
1480 1339 1593 1388 facit
1607 1341 1739 1408 quod

136 1402 329 1452 subinde
351 1403 425 1450 vel
446 1401 657 1449 vocalem
681 1416 786 1448 ante
811 1403 1049 1461 vocalem,
1087 1405 1161 1452 vel
1186 1408 1241 1452 M
1267 1405 1598 1456 consonantem
1621 1412 1667 1456 in
1682 1408 1737 1457 fi-

136 1490 195 1520 ne
220 1474 348 1520 vocis
375 1508 395 1530 „
425 1469 643 1538 sequente
666 1469 817 1517 vocali
843 1507 855 1528 ,
893 1475 1211 1538 praetermittit
1237 1475 1408 1524 elidere
1426 1514 1438 1534 ,
1477 1483 1520 1524 &
1551 1478 1638 1525 alia
1658 1496 1735 1526 au-

136 1540 252 1600 det,
280 1558 380 1609 quae
407 1556 660 1607 repugnare
689 1537 905 1586 videntur
930 1543 1355 1591 Grammaticorum
1375 1547 1585 1612 placitis:
1628 1564 1734 1594 cum

137 1613 186 1658 in
210 1609 280 1658 his
303 1612 475 1657 nitatur
498 1610 771 1655 auctoritate
793 1608 1014 1674 Virgilii,
1052 1610 1340 1680 aliorumque
1368 1617 1491 1662 aurei
1519 1617 1601 1661 aevi
1627 1613 1736 1662 scri-

137 1694 339 1746 ptorum.
415 1680 558 1724 Certe
587 1679 666 1743 qui
689 1693 783 1722 non
806 1680 933 1724 omni
955 1693 1081 1726 caret
1103 1679 1301 1743 judicio,
1340 1700 1425 1729 nec
1448 1685 1632 1749 penitus
1660 1702 1734 1730 ru-

136 1746 206 1794 dis
230 1745 293 1794 est
320 1748 428 1794 artis
454 1747 673 1812 po'e'ticae,
712 1743 847 1792 facile
871 1745 1026 1803 videt,
1065 1763 1205 1813 quam
1231 1754 1417 1815 egregia
1447 1755 1495 1798 in
1519 1749 1611 1798 hoc
1635 1769 1733 1800 car-

134 1817 270 1862 minis
290 1831 485 1881 genere,
526 1811 555 1859 fi
581 1810 816 1869 voluiffet,
856 1811 1065 1880 praestare
1089 1815 1308 1881 potuiffet
1331 1818 1549 1866 Phaedrus
1572 1856 1583 1877 ,
1624 1838 1733 1868 cum

133 1882 258 1931 casus
283 1920 295 1942 ,
333 1898 385 1930 ut
416 1896 543 1949 patet
566 1918 578 1939 ,
618 1896 798 1929 tantum
827 1898 1071 1929 numerum
1105 1883 1487 1935 exactiffimorum
1521 1887 1732 1936 versuum

134 1949 399 2019 exprefferit
414 1988 425 2008 ,
441 1968 555 2018 quos
576 1967 735 1998 omnes
761 1948 983 1998 credibile
1001 1948 1064 1998 est
1086 1950 1224 2001 instar
1245 1955 1583 2003 Ovidianorum
1597 1954 1731 2023 spon-

134 2035 180 2067 te
201 2018 276 2068 sua
298 2020 355 2068 ad
379 2035 510 2087 aptos
535 2036 748 2066 numeros
769 2016 1030 2085 pervenisse.
1069 2022 1247 2087 Qales
1271 2020 1372 2072 lunt
1394 2022 1547 2072 statim
1568 2028 1614 2072 in
1642 2027 1731 2072 ini-

134 2090 203 2136 tio
231 2091 409 2156 operis,
449 2088 636 2152 Prolog.
668 2084 749 2134 lib.
780 2106 815 2133 1.

425 2162 547 2204 Hanc
570 2175 637 2219 ego
653 2160 778 2219 polivi
805 2157 981 2214 verfibm
995 2160 1197 2218 fhfmriic,

133 2229 212 2284 &r

427 2299 539 2342 Fz'dlbs
554 2300 689 2354 jocari
714 2314 784 2342 nos
809 2300 1036 2342 meminerit
1048 2299 1205 2356 fabulis
1219 2318 1237 2350 5

133 2362 304 2431 aliique
330 2361 494 2421 multi,
532 2367 610 2432 qui
634 2367 681 2412 in
704 2363 919 2412 omnibus
942 2363 1037 2412 fere
1059 2362 1240 2417 fabellis
1256 2383 1529 2419 occununt..
1593 2367 1726 2416 Tum

135 2437 181 2481 &
204 2430 254 2480 hi
282 2431 420 2498 longe
440 2431 755 2498 elegantiffimi
779 2432 862 2483 lib.
894 2451 933 2483 2.
964 2431 1056 2481 fab.
1085 2437 1127 2484 8.

964 2501 1030 2546 *ss
1065 2521 1088 2569 3
1590 2508 1733 2553 Homi„
