2007 2771
597 63 1378 129 INDEX

243 175 426 207 eventum.
898 173 976 212 105
1136 170 1209 214 pro
1229 161 1393 201 Baccho.
1725 177 1800 214 109

191 220 353 261 Invidia
363 232 432 275 pro
447 216 608 258 invidis.
807 227 877 268 70,
898 228 977 268 134
1019 211 1170 255 Liberti
1197 216 1325 270 aliqua
1348 216 1515 270 scientia
1554 215 1647 257 clari
1673 230 1801 257 nomen

191 276 395 316 Involvere
405 285 475 328 pro
493 282 623 326 tegere.
899 283 975 311 100
1072 269 1213 310 domini
1244 273 1305 325 sui
1333 270 1500 325 operibus
1523 273 1612 325 suis
1628 272 1799 327 praefige-

191 331 284 383 Joci
292 342 364 384 pro
375 327 530 382 fabulis.
703 339 739 373 2,
763 337 829 378 37,
849 336 913 377 57,
923 339 976 376 99
1072 323 1175 365 bant.
1781 342 1797 369 1
1812 358 1814 360 .

192 386 254 425 Ire
271 415 282 434 ,
312 387 358 426 de
375 394 540 436 tempore.
901 385 978 432 146
1021 375 1172 420 Liberti
1189 381 1350 433 Caesaris
1365 382 1407 420 in
1425 392 1556 435 magno
1573 381 1715 423 honore.
1779 396 1796 422 1

192 441 270 493 Ista
282 472 292 487 ,
310 451 380 494 pro
396 452 495 493 aqua
511 467 522 483 ‚
550 435 851 489 demonstrative.
953 449 972 488 3
1021 430 1201 474 Libitina
1219 436 1319 488 quid.
1725 451 1740 477 1
1753 451 1767 477 1
1778 440 1800 478 8

196 496 377 546 ‘Jumenta
390 523 402 542 ‚
430 493 475 532 de
491 494 605 545 equis.
920 502 976 540 95
1019 485 1201 529 Licentia
1219 490 1321 543 quid.
1780 504 1804 542 5

190 540 377 602 Jumenta
395 548 530 588 nitida.
923 549 977 585 66
1019 540 1163 596 Ligare
1168 554 1240 597 pro
1258 544 1421 596 alligare.
1744 550 1798 596 98

191 604 348 658 Jupiter
354 613 468 657 pater
484 602 644 641 deorum.
812 613 827 640 1
840 613 874 647 1,
899 612 973 651 107
1019 595 1176 637 Limare
1180 608 1253 652 pro
1271 599 1431 639 elimare.
1745 614 1802 653 74

191 659 348 711 Jupiter
354 669 426 712 pro
442 655 668 713 ipfiusfano.
899 668 976 706 104
1020 650 1147 692 Linus
1165 656 1260 708 quis.
1750 660 1799 706 58

191 714 329 767 Jurgii
347 714 458 768 causa
469 724 538 767 pro
540 712 685 768 jurgio.
952 722 973 762 3
1020 706 1247 762 Liquorpro
1264 722 1374 763 aqua.
1648 711 1711 757 16,
1726 723 1798 764 103

191 769 373 821 Juvenca
392 770 526 808 nitens.
922 768 977 804 66
1020 760 1149 802 Livor
1154 774 1228 816 pro
1244 764 1394 804 lividis.
1727 778 1743 804 1
1756 779 1804 815 19

553 929 596 970 L,
785 937 793 943 ·
1019 925 1240 982 Longitudo
1257 929 1341 970 colli
1350 939 1421 984 pro
1438 928 1546 985 longo
1563 927 1662 972 collo.
1753 944 1769 970 1
1780 944 1800 970 2

1019 981 1149 1037 Loqui
1166 985 1273 1025 reHe.
1725 997 1802 1036 107

295 1041 395 1088 Abi,
425 1041 471 1081 de
477 1041 664 1093 partione.
924 1040 975 1079 80
1019 1036 1187 1078 Lucrum
1204 1039 1321 1080 dulce.
1753 1044 1806 1091 56

324 1096 517 1136 Laborare
535 1094 636 1150 quid.
845 1097 910 1140 26,
922 1106 977 1147 34
1018 1091 1203 1133 Lucullus
1220 1097 1306 1149 quis
1747 1106 1805 1146 44

194 1154 363 1193 Labores
381 1153 486 1191 viam
496 1157 644 1203 parant
660 1146 714 1187 ad
727 1146 864 1187 coelum.
899 1153 978 1189 106
1019 1145 1143 1187 Luere
1151 1157 1295 1201 poenas.
1750 1162 1806 1201 74

192 1208 354 1249 Laetare
372 1206 577 1246 incolumis
587 1205 742 1252 Roma,
770 1201 978 1244 acclaman-
1149 1203 1303 1258 cuspam.
1730 1216 1807 1256 105

246 1264 288 1304 di
292 1260 473 1316 formula.
900 1271 975 1311 147
1019 1256 1124 1310 Lupi
1143 1255 1190 1301 ὅγ’
1211 1261 1302 1311 agni
1318 1258 1514 1312 discordia.
1780 1272 1802 1313 3

191 1313 398 1369 Lanificus.
920 1327 978 1366 94
1020 1311 1170 1353 Ludere
1188 1314 1341 1354 calamo.
1752 1326 1807 1363 90

191 1368 363 1425 Laniger
375 1401 385 1417 ,
414 1370 459 1409 de
477 1383 584 1423 agno.
748 1381 785 1420 3,
800 1381 892 1421 103,
907 1383 922 1409 1
934 1382 977 1419 51
1186 1370 1312 1409 oculis.
1751 1380 1807 1420 94

191 1423 335 1466 Latere
343 1437 414 1480 pro
432 1433 555 1464 tutum
571 1421 654 1474 effi’.
925 1437 979 1472 99
1021 1419 1199 1461 Lucerna
1211 1433 1279 1475 pro
1297 1423 1450 1475 vulgari
1465 1425 1561 1475 igne.
1729 1435 1807 1473 105

192 1478 378 1521 Latibula
394 1480 590 1531 nemorosa.
925 1489 979 1526 49
1023 1473 1187 1513 Lul‘t'ari
1207 1476 1387 1515 cornibus.
1729 1490 1745 1515 1
1757 1490 1806 1526 50

192 1533 355 1574 Latium
367 1544 436 1587 pro
458 1531 630 1571 Latinis.
931 1542 975 1580 51
1023 1525 1228 1579 Luscinius
1236 1543 1307 1583 pro
1326 1529 1519 1580 Luscinia.
1755 1532 1808 1582 85

192 1587 368 1629 Latrans
374 1599 446 1642 pro
463 1600 564 1626 cane.
848 1597 887 1638 3,
902 1598 917 1623 1
929 1597 973 1635 51
1024 1582 1166 1622 Luxus
1173 1593 1246 1636 pro
1264 1585 1453 1626 ebrietate.
1753 1589 1808 1635 96

191 1642 362 1684 Latrare
369 1646 534 1697 primam
552 1639 664 1682 habet
683 1637 843 1692 longam.
901 1653 916 1679 1
926 1653 972 1691 51

192 1698 336 1745 Latro,
366 1698 410 1738 de
429 1697 523 1750 lupo.
952 1708 972 1748 3
1373 1693 1432 1733 M.

190 1751 381 1793 Latrones
399 1752 495 1792 unde
512 1750 617 1792 dieti.
923 1752 976 1801 48

191 1806 365 1848 Lavatio
383 1808 485 1862 quid.
924 1817 978 1854 95
1176 1801 1375 1855 Agnitudo
1379 1800 1490 1856 facit
1496 1801 1691 1856 princip&
1705 1804 1809 1856 peri-

192 1862 349 1902 Laurus
367 1861 537 1916 Apollini
545 1861 671 1915 sacra1
928 1861 980 1910 84
1227 1858 1365 1898 clitari.
1753 1871 1808 1907 99

192 1916 300 1963 Laus
314 1918 445 1957 multa.
928 1926 979 1964 55
1021 1912 1189 1965 stlagnus
1198 1941 1210 1960 ‚
1229 1916 1422 1967 proprium
1448 1912 1573 1966 Jovis
1598 1924 1808 1966 cognomen-

191 1971 350 2012 Laxare
367 1972 518 2025 ingenia
537 1978 696 2010 artuum.
905 1982 920 2008 1
933 1972 980 2019 58
1078 1976 1169 2007 tum.
1616 1980 1631 2006 1
1644 1981 1659 2006 1
1670 1980 1707 2015 2,
1727 1980 1743 2006 1
1755 1972 1807 2018 56

192 2026 333 2080 Legere
344 2037 415 2080 pro
433 2024 577 2079 eligere.
928 2026 980 2075 84
1023 2021 1272 2071 Maledicere,
1300 2022 1400 2076 quid.
1777 2035 1805 2074 4

190 2080 313 2134 Leges
330 2095 440 2136 aequae
460 2079 562 2134 quid.
873 2090 913 2130 4,
934 2081 978 2119 81
1021 2076 1220 2129 Maleficus
1238 2109 1249 2126 ‚
1286 2077 1331 2117 de
1351 2090 1390 2116 eo
1405 2104 1417 2124 ‚
1446 2078 1508 2131 qui
1533 2075 1672 2117 malum
1688 2074 1805 2132 fecit.

192 2135 341 2175 Lentus
360 2136 461 2190 quid.
923 2139 976 2184 65
1749 2143 1804 2183 40

192 2189 273 2229 Leo
292 2191 436 2230 animal
443 2188 594 2243 plenum
611 2187 830 2244 majestatis.
900 2202 947 2228 10
952 2202 975 2240 7
1019 2188 1253 2241 Malignitac
1263 2196 1332 2240 pro
1349 2186 1522 2241 maligno.
1724 2200 1798 2240 132

283 2245 373 2284 Rex
389 2245 564 2294 ferarum.
900 2257 914 2283 1
928 2257 976 2296 57
1019 2243 1169 2283 Malum
1173 2252 1245 2295 pro
1264 2242 1399 2281 damno
1416 2241 1485 2281 vel
1488 2252 1612 2294 poena.
1753 2254 1803 2281 10

193 2295 346 2338 Levare
364 2294 488 2354 dorso,
517 2299 562 2338 de
579 2313 679 2354 equo.
921 2311 972 2352 43
1168 2307 1239 2350 pro
1256 2296 1325 2350 offe
1342 2297 1535 2338 devorato.
1751 2310 1769 2337 1
1781 2311 1800 2337 2

193 2351 363 2393 Levitas
381 2355 481 2408 quid.
904 2367 944 2407 13
955 2368 973 2393 2
1023 2352 1157 2393 Malus
1162 2362 1236 2405 pro
1253 2355 1433 2406 imperito.
1755 2364 1804 2401 19

192 2405 302 2456 Lex,
325 2419 393 2462 pro
411 2409 628 2449 conditione.
925 2422 978 2462 77
1023 2407 1172 2448 Manes.
1751 2418 1771 2458 3
1782 2418 1797 2443 1

192 2460 308 2503 Liber
319 2473 388 2518 pro
407 2475 554 2505 vacans
572 2479 595 2503 a
617 2465 788 2518 negotiis.
928 2476 974 2517 53
1022 2462 1135 2503 Mare
1153 2461 1316 2504 Siculum
1334 2462 1433 2516 quid.

1715 2470 1805 2567 τῖῑῗῑ
