2007 2771
186 167 396 232 inprimis
423 161 611 211 fuerunt
638 158 1053 211 animadversiones
1069 156 1418 208 clariffimorum
1431 160 1637 206 virorum
1648 162 1796 227 Joan..

187 236 256 281 nis
284 230 508 281 Schefferi
537 269 548 290 ‚
587 247 692 280 ante
719 248 881 278 omnes
908 229 1021 277 alios
1061 231 1241 296 optime
1276 226 1335 275 de
1372 225 1571 274 Phaedro
1609 231 1792 288 meriti,

188 301 463 369 Tanaquilli
504 298 666 357 Fabri,
706 297 917 346 Conradi
956 293 1287 354 Rittershusii,
1326 295 1523 345 Nicolai
1563 295 1792 361 Rigaltii,

188 369 422 418 Ludovici
464 367 694 425 Praschii‚
733 373 779 414 &
818 369 897 434 qui
937 383 1084 433 nuper
1124 368 1170 413 in
1198 365 1353 413 lucem
1379 366 1493 412 exiit
1521 365 1792 432 Mai-quardi

190 437 333 485 Gudii
352 474 363 495 ‚
402 437 596 485 Nicolai
625 435 795 484 deinde
821 431 1029 492 Heinfii,
1058 435 1250 501 J—oannis
1276 431 1507 481 Frederici
1535 436 1762 481 Gronovii
1780 471 1791 492 ‚

178 507 372 573 Joannis
400 507 591 570 Georgii
621 506 822 562 Graevii,
851 500 1020 571 Jacobi
1038 503 1272 549 Perizonii
1290 537 1302 559 ,
1341 500 1629 569 aliorumque
1647 520 1792 570 ,quos

191 573 271 621 hic
299 573 396 621 illic
425 576 734 620 nominamuS.
810 575 896 620 His
924 582 1171 638 acceptum
1196 568 1386 618 ferimus
1414 569 1640 638 quicquid
1667 569 1795 617 insti-

192 657 297 690 tuto
322 639 479 690 nostro
507 639 747 690 serviebat.
821 643 940 689 Non
967 642 1093 687 enim
1120 635 1296 686 neceffe
1324 653 1421 686 erat
1449 656 1551 706 quae
1580 639 1647 686 illi
1675 638 1794 687 bene

188 710 490 777 explanarant
507 747 519 768 ‚
558 716 603 756 &
633 710 756 757 clara
782 708 885 757 luce
912 706 1242 775 perfuderant,
1279 706 1433 754 denuo
1461 707 1690 774 explicare
1709 745 1720 765 ,
1749 714 1793 755 δε

189 782 373 835 aetum,
445 777 538 825 uod
565 778 767 836 dicitur,
806 794 958 842 agere.
1019 779 1194 842 Neque
1222 778 1397 822 interea
1422 773 1540 821 nihil
1567 773 1648 842 ipsi
1675 776 1795 823 vidi-

189 864 318 894 mus:
359 796 443 894 se}
463 845 780 913 compluscula
805 848 860 892 iis
888 841 1104 892 omnibus
1132 843 1394 891 addidimus
1411 880 1423 901 ‚
1462 861 1563 910 quae
1590 842 1794 891 fructum

190 913 321 962 suum
347 912 491 962 effent
518 915 712 962 allatura
738 951 751 972 ,
789 913 965 961 nullam
991 912 1097 960 inde
1124 911 1310 959 laudem
1336 927 1552 959 venantes
1578 948 1589 969 ‚
1629 910 1703 959 sed
1730 911 1796 960 sa-

192 986 249 1030 tis
277 980 502 1030 habentes
530 981 647 1029 nihil
677 982 913 1048 negligere
943 1018 954 1039 ‚
1005 980 1133 1048 quod
1171 979 1348 1048 aliquid
1375 994 1557 1047 poterat
1584 979 1795 1029 conferre

189 1051 350 1098 auxilii
378 1050 436 1098 ad
464 1053 751 1117 Scriptorem
776 1048 984 1097 nostrum
1010 1052 1058 1095 in
1083 1047 1307 1096 facillima
1331 1048 1601 1116 ponendum
1626 1052 1813 1115 'cogni-¹

190 1121 335 1167 tione.
376 1117 589 1166 Debetur
616 1134 772 1166 tamen
799 1117 1003 1186 aliquid,
1041 1119 1235 1184 opinor,
1273 1114 1503 1164 industriae
1531 1115 1693 1165 nostrae
1710 1155 1722 1176 ‚
1762 1116 1794 1165 fi

192 1185 453 1235 confideres
481 1202 654 1254 quanta
679 1204 788 1235 cura
814 1186 899 1236 hos
926 1184 1075 1233 versus
1102 1184 1159 1233 ad
1185 1185 1310 1251 leges
1338 1183 1433 1233 suas
1451 1222 1462 1244 ‚
1501 1204 1612 1254 quas
1627 1186 1796 1234 doctis-

190 1253 294 1303 fimi
322 1258 465 1303 etiam
490 1261 535 1302 δε
559 1253 822 1320 lagaciffimi
848 1257 934 1302 viri
962 1254 1252 1320 negligenter
1277 1251 1569 1313 habuerunt,
1608 1273 1797 1304 revoca-

193 1326 409 1372 verimus.
486 1322 818 1391 Ineptiffimum
845 1327 970 1372 enim
995 1319 1083 1370 effe
1104 1322 1366 1388 judicamus
1395 1323 1522 1391 quod
1551 1327 1794 1392 Scioppius

192 1392 365 1460 aliique
404 1390 629 1440 affirmare
669 1391 772 1440 sunt
808 1390 898 1440 aufi
930 1429 942 1450 ,
991 1388 1216 1457 ignorasse
1244 1390 1493 1439 Phaedrum
1530 1392 1655 1458 leges
1693 1411 1796 1441 ver-

192 1458 323 1508 suum
340 1497 351 1519 ‚
389 1460 557 1529 quibus
586 1459 679 1509 hoc
707 1459 980 1528 opusculum
1006 1461 1318 1508 concinnavit.
1366 1459 1486 1508 Ulus
1513 1459 1577 1509 est
1604 1460 1796 1510 liberta-

193 1543 241 1577 te
267 1528 496 1597 quadam,
535 1530 661 1597 quod
698 1533 821 1577 reete
860 1528 1120 1578 observavit
1159 1527 1303 1577 Faber
1330 1532 1507 1577 caeteris
1532 1529 1790 1579 oculatior:

193 1596 243 1644 id
268 1615 379 1645 vero
406 1615 698 1666 nequaquam
724 1597 837 1646 fecit
864 1597 1126 1663 ignorantia
1151 1615 1305 1644 rerum
1321 1635 1332 1655 ,
1371 1615 1482 1664 quas
1511 1596 1623 1645 scire
1651 1597 1795 1646 debe-

194 1663 275 1713 bat
303 1702 316 1723 ,
353 1664 430 1714 sed
469 1681 519 1713 ut
556 1666 704 1714 sermo
742 1670 837 1733 ejus
876 1666 1073 1714 sermoni
1111 1664 1327 1713 familiari
1355 1663 1465 1714 effet
1490 1669 1708 1733 propior,
1746 1672 1792 1714 δε

194 1732 376 1801 prosam
401 1738 661 1782 orationem
687 1735 745 1783 ali
783 1753 840 1782 ua
878 1733 1027 1802 specie
1066 1736 1355 1782 mentiretur.
1433 1737 1526 1781 Cui
1562 1733 1792 1783 scribendi

194 1805 353 1866 generi
374 1807 472 1870 jam
498 1802 710 1851 homines
737 1753 862 1851 iilius
891 1806 1112 1871 temporis
1140 1800 1468 1851 affuefecerant
1495 1801 1718 1851 Laberius
1747 1810 1791 1851 δε

197 1874 250 1918 Ρ.
281 1875 416 1937 Syrus
435 1908 447 1930 ‚
485 1871 651 1941 quibus
682 1888 814 1920 :etate
841 1875 1076 1939 proximus
1104 1870 1192 1918 fuit
1220 1869 1457 1918 Phaedrus.
1522 1869 1720 1920 Constat
1746 1890 1793 1920 a-

197 1938 291 2006 pud
318 1958 477 1987 omnes
494 1977 506 1998 ‚
545 1938 807 2006 hujusmodi
834 1940 1028 1988 senarios
1046 1976 1057 1997 ‚
1096 1937 1127 1986 s1
1155 1940 1212 1986 ad
1247 1942 1444 2007 purioris
1471 1938 1674 2007 Jambici
1713 1958 1792 1988 an-

196 2005 364 2071 gustias
391 2009 586 2056 velimus
615 2008 883 2066 attendere,
921 2007 1105 2076 paribus
1144 2008 1257 2055 locis
1303 2011 1507 2075 recipere
1533 2009 1684 2056 nullos
1710 2027 1793 2076 pe-

198 2075 277 2122 des
295 2112 308 2133 ‚
346 2074 427 2122 nisi
444 2075 747 2143 Tribrachyn
770 2077 843 2124 vel
859 2075 1082 2144 Jambum
1098 2113 1110 2134 ‚
1149 2082 1193 2123 &
1220 2075 1347 2124 sexto
1373 2077 1564 2144 quidem
1589 2077 1698 2125 loco
1723 2076 1793 2126 so-

198 2143 296 2190 lum
310 2143 560 2210 Jambum3
600 2144 852 2212 imparibus
889 2163 1001 2193 vero
1041 2145 1321 2212 Spondaeum
1348 2182 1361 2203 ‚
1388 2144 1640 2213 Jambum,
1678 2146 1793 2194 Tri-

197 2210 434 2277 brachyn,
469 2213 756 2278 Dactylum‚
792 2219 838 2261 &
867 2212 1190 2282 Anapaestum3
1229 2212 1468 2282 nullosque
1503 2230 1725 2282 praeterea
1746 2233 1794 2264 a„-

197 2280 284 2327 lios
310 2298 532 2348 umquam
557 2282 758 2330 admitti.
810 2282 939 2351 quod
973 2300 1067 2330 non
1100 2282 1318 2332 viderunt
1354 2281 1567 2331 homines
1603 2284 1793 2352 quidam

198 2348 393 2406 eruditi,
432 2352 511 2416 qui
546 2349 659 2397 dum
681 2368 873 2418 operam
907 2351 1020 2400 dant
1056 2351 1165 2400 loco
1197 2353 1333 2400 alicui
1370 2351 1652 2419 persanando
1676 2390 1689 2411 ‚
1727 2356 1794 2401 ei-

198 2415 305 2464 dem
326 2415 505 2465 inscitia
523 2420 720 2486 poeticae
742 2437 917 2470 novum
943 2421 1107 2470 vulnus
1135 2420 1420 2471 inflixerunt.
1476 2424 1694 2471 Licentia
1716 2439 1796 2470 au-

1669 2504 1766 2539 tern
1779 2526 1794 2550 ,
