2007 2771
216 136 293 174 22.
373 110 863 175 PHAEDRI
946 108 1739 173 FABULARUM

212 216 340 277 Ubi
371 235 480 278 vos
520 216 814 299 requiram
834 255 849 279 ‚
895 235 1085 298 quum
1115 211 1240 274 dies
1273 209 1612 274 advenerit?

258 325 283 353 7.
307 316 380 347 Dii:
391 318 423 352 s]
448 316 630 351 solenniter,
653 323 707 353 pro
720 314 915 344 dicsolutioni
932 324 1001 353 prce·
1043 312 1147 355 ermffct
1162 317 1193 342 in
1207 313 1292 342 diem.
1322 310 1401 341 Vide
1417 311 1483 341 huic
1499 311 1604 341 fabulae
1619 312 1828 342 convenientia

208 358 317 388 smum.
355 359 454 397 Atque
470 360 509 387 ita
524 358 628 395 optimi
650 356 819 394 Scriptores.
843 355 878 385 C.
895 354 1000 394 Nepos
1044 355 1120 394 apud
1142 354 1317 385 Homerum
1338 351 1440 391 Odysst
1462 355 1479 383 l.
1500 362 1592 384 vni.
1612 362 1685 384 vers.
1709 362 1775 395 347.
1799 352 1827 382 &

215 399 319 430 Attico
334 410 397 439 cap.
415 410 442 439 9.
464 399 491 430 C
493 410 542 429 um
557 398 608 429 illa
614 398 743 436 fundum
750 398 875 437 secunda
881 399 1001 436 fortuna
1043 397 1101 436 seq.

506 561 571 642 F
687 560 769 640 A
886 497 966 641 Βζ
1112 559 1527 640 xvii.

384 697 656 744 OV18‚
727 695 1046 736 CANIS
1121 695 1232 737 ET
1307 697 1644 742 LUPUS.

216 793 286 908 S
305 817 344 857 o
364 815 399 856 L
420 814 452 857 E
471 815 511 857 N
531 813 575 855 Τ
618 790 937 853 mendaces
968 791 1129 853 luere
1159 814 1370 877 poenas
1400 795 1672 856 malefici.

376 906 407 942 *l
453 893 861 954 Calumniator
878 892 952 952 ab
985 894 1128 955 Ove
1153 916 1343 978 quum
1374 912 1594 979 peteret
1611 896 1826 962 Canis,

218 992 424 1076 Qem
454 990 854 1054 commodasse
885 1012 1102 1076 panem
1131 992 1189 1054 se
1221 995 1633 1060 contenderem

213 1098 418 1179 Lupus
449 1098 650 1171 citatus
681 1092 868 1155 testis,
918 1114 1044 1154 non
1075 1116 1263 1159 unum
1293 1098 1488 1161 modo

181 1197 438 1258 5Deberi
470 1198 654 1262 dixit,
692 1216 906 1257 verum
937 1192 1252 1260 affirmavit
1281 1203 1504 1266 decem.

216 1298 373 1358 Ovis
401 1294 679 1356 damnata
708 1290 857 1354 falso
886 1293 1257 1371 testimoniO,

219 1396 408 1482 Qod
438 1418 562 1458 non
592 1396 849 1459 debebat
878 1439 896 1464 ,
940 1395 1130 1462 solvit.
1222 1399 1362 1462 Post
1390 1422 1610 1487 paucos
1641 1402 1770 1466 dies

214 1500 435 1563 Bidens
467 1504 757 1576 jacentem
787 1502 848 1560 in
878 1495 1061 1563 fovea
1091 1499 1386 1587 prospexit
1417 1508 1677 1591 Lupum.

213 1602 386 1669 Haec,
428 1606 652 1690 inquit,
698 1624 921 1667 merces
952 1601 1173 1666 fraudis
1202 1605 1232 1664 a
1265 1608 1497 1690 Superis
1529 1606 1713 1670 datur.

1612 1708 1824 1770 ΕΑΒ.

675 1807 781 1839 AD
864 1807 963 1840 ΡΑ
1005 1807 1039 1838 Β.
1128 1804 1354 1838 XVII.

258 1877 282 1897 1.
306 1865 333 1896 L
344 1875 365 1897 U
373 1875 391 1897 13
400 1874 420 1896 R
430 1867 469 1902 E]
493 1865 592 1898 Puniri
607 1867 647 1898 ob
662 1867 817 1898 maleficia.
1083 1863 1111 1894 C
1120 1873 1141 1895 ο
1149 1875 1169 1896 N
1178 1875 1197 1896 T
1205 1874 1223 1896 E
1233 1876 1252 1897 N
1261 1874 1309 1897 DE
1318 1875 1339 1897 R
1347 1875 1365 1897 E
1374 1875 1393 1898 1·
1403 1868 1416 1903 ]
1439 1865 1553 1897 Crebro
1568 1864 1597 1895 &
1611 1864 1775 1897 constanter
1784 1866 1825 1899 af-

255 1919 282 1938 2.
304 1909 331 1938 C
340 1918 362 1939 A
372 1918 390 1938 L
399 1917 421 1938 U
430 1917 452 1938 M
462 1918 481 1938 N
491 1919 499 1938 1
509 1918 533 1939 A
542 1918 561 1938 T
571 1910 643 1945 OR]
674 1908 829 1946 Adjcctive
850 1908 897 1938 hic
911 1931 918 1945 ‚
947 1907 996 1945 qui
1041 1905 1180 1936 firmaret.

214 1951 378 1981 calumnias
400 1957 522 1980 exercet.
567 1950 655 1981 Ordo
670 1949 708 1979 cst
726 1951 874 1980 turbatior.
919 1948 997 1978 Sim·
1083 1957 1110 1986 4.
1133 1946 1303 1984 TEs†1s]
1333 1947 1423 1987 Quasi
1444 1947 1574 1978 minister
1595 1947 1623 1977 ἃ
1644 1946 1758 1978 affeffor
1778 1949 1823 1981 fu-

216 1993 318 2024 vlicior
333 1992 372 2021 ita
386 1990 414 2020 se
431 1992 529 2022 habet:
552 1990 644 2022 Canis
659 1993 857 2022 calumniator
871 2000 941 2020 cum
950 1998 998 2024 pe·
1041 1988 1078 2017 ris
1089 1988 1204 2025 judicis.

215 2040 284 2062 teret
299 2042 407 2071 panem
423 2034 458 2062 ab
480 2042 552 2071 ove,
580 2043 672 2073 quem
692 2033 729 2063 sc.
751 2043 861 2072 panem
875 2038 998 2062 conten·
1082 2028 1110 2059 8.
1132 2029 1300 2067 B1DENS]
1330 2030 1467 2061 Bidentes
1487 2040 1540 2070 pro
1564 2030 1669 2062 ovibus
1683 2054 1692 2070 ,
1720 2031 1822 2071 passim

214 2073 294 2104 deret
308 2075 335 2104 sc
350 2074 554 2104 commodasse
569 2076 606 2105 sc,
621 2076 679 2105 ovi.
1040 2071 1117 2109 apud
1131 2072 1241 2110 poetas.

261 2125 275 2155 3
309 2115 336 2144 C
344 2124 364 2144 0
373 2123 428 2144 mi
438 2124 458 2144 0
467 2124 489 2144 D
499 2125 520 2146 A
530 2126 541 2146 s
549 2126 561 2146 s
569 2119 606 2153 E]
631 2116 693 2147 Alii
714 2114 922 2157 commendaffl,
945 2123 998 2153 pro
1081 2112 1095 2150 J
1104 2122 1127 2143 A
1136 2121 1153 2143 c
1161 2123 1179 2144 E
1189 2124 1208 2144 N
1217 2123 1236 2143 T
1244 2122 1262 2144 E
1271 2114 1316 2149 M]
1339 2112 1505 2153 Delapsum
1520 2121 1607 2154 atque
1616 2120 1736 2152 captum
1769 2113 1823 2145 So-

215 2155 383 2195 dcposuill'e.
421 2155 504 2186 Stant
526 2165 624 2188 tamen
646 2160 775 2198 plerique
797 2168 849 2197 pro
863 2159 999 2198 vulgata,
1041 2156 1139 2186 lebant
1160 2156 1242 2186 enim
1261 2156 1325 2195 capi
1347 2156 1422 2188 olim
1443 2165 1562 2195 quoque
1581 2156 1683 2186 foveis.
1728 2155 1825 2188 Unde

215 2207 308 2236 quam
329 2197 356 2227 ἃ
380 2194 458 2242 Lupi
487 2198 689 2230 testimonium
717 2202 834 2231 firmare
868 2200 997 2230 videtur:
1040 2198 1146 2230 Horat.

338 2246 369 2268 ut
384 2247 464 2267 canis
486 2249 515 2268 111
539 2242 577 2270 rei
595 2242 707 2271 cibariae
723 2243 824 2281 inopia
840 2251 930 2272 ovem
947 2241 999 2271 ali·
1138 2238 1251 2269 Cautus
1265 2242 1342 2270 evim
1356 2242 1462 2270 metuit
1468 2240 1588 2278 foveam
1603 2240 1694 2282 lupus.

216 2283 330 2319 quoties
345 2279 557 2320 sustentaverit,
579 2284 781 2315 commodatis
796 2309 804 2325 7
827 2285 931 2324 quibus
951 2292 999 2314 ve·
1041 2281 1142 2321 Atque
1163 2281 1228 2310 talis
1249 2280 1336 2312 fovea
1356 2281 1506 2321 captandis
1530 2283 1604 2321 lupis
1626 2282 1699 2312 dolo
1721 2280 1823 2312 struda

216 2323 350 2361 secretus,
365 2322 495 2361 panibus.
1042 2324 1090 2354 hic
1112 2322 1149 2353 est
1171 2323 1369 2364 intelligenda.
1413 2322 1527 2356 Confer
1547 2324 1640 2357 fimile
1654 2325 1823 2364 exemplum

1041 2367 1071 2396 111
1086 2364 1173 2397 Cam.
1190 2364 1209 2396 f.
1229 2363 1295 2406 189.

1713 2575 1822 2609 AD
