2007 2771
574 74 882 136 VITA
969 69 1447 130 PHAEnni

196 184 310 223 tione
328 181 441 236 prosi
464 181 838 235 comprehenderem
876 177 926 218 cle
946 175 1088 229 quibus
1109 173 1277 227 amplius
1294 187 1398 213 nunc
1414 170 1564 224 aliquid
1581 171 1803 213 dicendum.

198 249 393 304 Scripsisse
413 264 475 289 eas
494 251 533 288 in
561 262 672 289 aetate
691 249 826 288 ultima
836 245 925 299 =ipse
952 244 1083 284 innuit
1101 257 1182 282 non
1206 255 1286 281 uno
1300 241 1421 283 loco,
1458 239 1707 293 pertinetque
1728 240 1805 281 huc

200 317 440 372 potissimum
461 317 653 370 postrema
667 341 678 359 ,
716 329 802 369 quae
818 315 859 353 in
884 313 987 352 libro
1007 312 1149 363 quinto
1170 308 1247 352 est,
1284 307 1436 349 fabella.
1508 306 1619 358 Qin
1643 310 1682 346 &
1702 318 1800 348 tem..

201 399 273 439 pus
293 384 419 438 potest
441 384 577 438 colligi
598 381 895 437 quodammodo
915 393 961 419 ex
983 379 1071 418 libri
1106 377 1213 417 tertii
1242 377 1441 430 prooemio
1464 399 1475 418 ‚
1514 387 1594 426 quo
1622 373 1805 416 videlicet

201 453 362 504 Sejanus
382 465 455 504 pro
471 451 632 491 arbi-trio
654 451 791 490 cunstat
812 447 921 503 gcssit
947 446 1013 485 sub
1033 445 1199 484 Tiberio
1213 469 1223 487 ‚
1261 443 1445 496 suamque
1462 442 1639 483 latisfime
1663 454 1802 494 poten-

204 522 297 560 tiam
319 520 501 559 exercuit.
577 519 660 558 Ubi
683 517 791 557 simul
811 516 931 555 etiam
951 513 1057 552 causa
1086 511 1219 565 scripti
1245 510 1359 563 hujus
1376 510 1557 563 aperitur.
1629 509 1802 550 Calami-

202 600 259 627 ωε
291 586 475 626 nimirum
505 597 608 625 cert-„1
640 590 678 625 ὃς
704 583 909 639 peculiaris
927 605 938 624 ‚
976 582 1017 620 in
1047 592 1166 631 quam
1193 578 1289 619 odio
1319 582 1357 618 ὃς
1387 577 1654 631 persecutione
1674 577 1805 629 Sejani

202 654 488 709 praecipitatus‚
531 652 748 695 fortunam,
786 651 877 702 quia
899 662 980 687 non
1003 648 1144 686 licebat
1163 657 1317 700 aperte,
1354 645 1407 685 ob
1435 657 1638 697 potentem
1670 644 1804 686 adver-

202 721 362 764 sarium,
401 720 555 760 occulte
575 721 729 762 saltem,
768 721 805 757 &
826 717 892 756 sub
915 713 1128 754 involucris
1153 713 1365 753 fabularum
1398 725 1597 764 exponere
1617 737 1627 755 ,
1664 710 1805 765 depin-

203 788 415 843 gendoque
435 801 562 828 mores
588 787 671 839 ejus
693 791 730 826 ὃς
751 784 920 840 flagitia,
958 782 1065 822 velut
1083 774 1279 821 ultionem
1298 779 1444 819 sumere
1473 779 1521 819 de
1547 779 1654 834 ipso,
1690 779 1806 831 seque

205 855 399 896 consolari
419 856 468 895 sic
490 854 663 910 suscepit.
709 855 768 894 Ita
791 853 895 894 enim
919 850 972 891 est
989 847 1268 903 intelligendus
1291 848 1398 888 locus
1419 858 1546 893 totus,
1583 846 1650 901 qui
1672 860 1805 888 occut-

206 924 255 963 rit
274 923 314 963 in
339 923 527 976 praedicsto
549 923 761 978 prooemio.

502 1053 615 1060 -----
627 1028 805 1069 Ser-vitas
827 1026 986 1066 obnoxia

499 1098 628 1155 Quia,
657 1110 738 1150 quae
755 1095 925 1143 volebat,
954 1108 1026 1134 non
1045 1093 1205 1133 audebat
1224 1093 1364 1140 dicere,

500 1163 681 1216 Affecftas
691 1166 862 1218 proprios
879 1165 918 1203 in
925 1160 1095 1216 fabellas
1113 1159 1301 1213 transtulzt
1312 1189 1323 1207 ,

502 1233 800 1287 Calumniamque
807 1231 914 1283 fic7z'5
933 1230 1143 1285 elusttjoct's
1155 1246 1164 1269 .·

502 1300 587 1354 Ego
594 1311 705 1354 porro
724 1300 827 1340 illias
834 1301 975 1353 semita
992 1298 1071 1349 feci
1090 1299 1218 1343 viam,

501 1367 559 1406 Et
577 1369 746 1421 cogitavi
756 1366 869 1420 plura
884 1393 895 1413 ,
924 1379 1032 1420 qaam
1050 1364 1245 1419 reliquerat
1256 1382 1268 1407 ‚-

500 1436 548 1475 In
566 1435 819 1474 calamitatem
838 1431 1001 1485 delzgens
1021 1432 1188 1487 quaedam
1206 1443 1334 1469 meam.

211 1546 370 1585 Secutus
389 1544 429 1582 in
451 1541 644 1596 plerisque
664 1541 719 1582 est
736 1540 952 1594 AEsopum,
974 1541 1046 1581 nisi
1068 1541 1175 1594 quod
1192 1538 1387 1581 interdum
1406 1542 1525 1582 etiam
1546 1540 1724 1585 historias
1743 1544 1809 1585 τιό·

212 1612 387 1654 misceat,
424 1621 468 1650 ut
487 1624 534 1650 ex
554 1610 621 1650 lib.
642 1610 715 1649 ΙΙΙ.
738 1621 822 1662 cap.
850 1621 916 1647 10.
939 1613 977 1648 &
999 1610 1063 1649 lib.
1089 1622 1123 1658 5.
1144 1623 1227 1663 cap.
1252 1623 1285 1648 1.
1304 1608 1546 1664 intelligitur.
1602 1609 1675 1651 Sed
1699 1616 1737 1651 &
1759 1626 1807 1652 ex

211 1679 291 1719 illis
309 1679 402 1733 ipfis
419 1677 561 1731 iOEsopi
582 1703 593 1722 ,
629 1692 713 1718 non
733 1677 899 1717 omnino
920 1690 1058 1717 omnes
1079 1675 1090 1720 3
1127 1691 1259 1717 verum
1280 1690 1366 1716 cum
1395 1676 1546 1718 delectu
1565 1691 1628 1718 eas
1648 1679 1806 1721 saltem,

211 1745 373 1787 scribere
391 1745 574 1799 suscepit,
612 1759 697 1799 quae
718 1745 903 1784 servirent
926 1744 1105 1785 instituto
1119 1772 1129 1790 ‚
1165 1745 1205 1785 id
1227 1746 1281 1786 est
1293 1772 1303 1790 ‚
1339 1745 1400 1785 vel
1423 1744 1605 1797 Sejanum
1623 1748 1739 1787 tacite
1750 1762 1808 1788 ar-

211 1826 397 1869 guerent,
435 1814 493 1853 vel
517 1814 774 1854 calamitatem
795 1813 996 1865 propriam
1018 1812 1270 1854 declararent.
1317 1813 1377 1853 lta
1398 1813 1525 1856 statim
1546 1816 1594 1855 ab
1614 1815 1730 1854 initio
1750 1813 1806 1854 af-

213 1882 288 1922 fert
307 1881 479 1922 fabulam
500 1882 548 1922 de
574 1882 670 1934 lupo
692 1885 730 1920 &
748 1894 876 1935 agno,
914 1893 1081 1932 quorum
1101 1881 1168 1921 ille
1191 1880 1341 1933 Seiani,
1379 1880 1443 1920 hic
1467 1880 1622 1921 Phaedri
1640 1881 1806 1936 speciem

214 1949 398 1991 exhibere
418 1949 544 1991 debet.
615 1949 741 2003 Igitur
757 1951 795 1987 ὃς
817 1947 866 1986 fic
883 1947 1081 1989 concludit
1100 1963 1184 1989 eam
1200 1963 1207 1987 :

509 2049 606 2088 Haec
614 2057 767 2102 propter
785 2047 869 2087 illos
874 2048 1023 2101 scrtpta
1043 2048 1092 2101 est
1111 2049 1275 2088 homines
1282 2047 1440 2102 fabula,

508 2116 705 2174 QificJt's
723 2114 838 2166 caufis
855 2117 1068 2156 innocentes
1088 2119 1305 2170 opprimant.

219 2213 376 2266 Qibus
403 2214 531 2255 verbis
560 2215 761 2257 manifeste
788 2215 929 2255 sortem
959 2213 1061 2255 suam
1089 2215 1270 2270 deplorat
1279 2237 1289 2262 ·‚
1327 2219 1365 2255 ὃς
1386 2214 1515 2268 Sejani
1537 2213 1807 2257 crudelitatem

218 2281 419 2337 significat.
488 2281 533 2320 N
536 2296 579 2322 ec
599 2283 763 2324 fortassis
778 2282 883 2322 aliud
903 2281 998 2335 quid
1017 2283 1135 2325 altera
1164 2285 1331 2338 respexit
1350 2283 1480 2324 fabula
1495 2307 1505 2326 ‚
1542 2297 1658 2336 quam
1679 2294 1721 2324 ut
1738 2285 1809 2340 hy-

218 2349 289 2390 dro
309 2349 511 2405 ingenium
531 2349 684 2402 Sejani,
724 2349 912 2404 quodque
935 2349 1017 2404 ipse
1037 2352 1234 2392 animabat
1253 2351 1374 2393 veluti
1395 2375 1408 2395 ,
1443 2351 1598 2391 Tiberii
1614 2355 1808 2406 exprime-

217 2428 295 2462 ret,
330 2418 448 2471 eique
472 2430 697 2472 opponeret
725 2419 958 2473 patientiam
977 2443 991 2464 ‚
1026 2419 1311 2462 humanitatem
1330 2444 1342 2466 ,
1379 2419 1599 2461 bonitatem
1619 2418 1807 2476 Augusti,

1740 2486 1809 2526 sub
