2007 2771
627 76 1398 146 INDEX

212 184 276 226 Ut
295 184 428 226 fruaris
445 182 621 235 reliquis,
654 194 681 220 1.
702 192 719 218 2
732 192 764 218 2.
783 182 808 218 6

215 239 277 282 Ut
293 240 441 295 fugeret
458 250 590 278 necem
603 263 615 282 ,
648 248 681 273 2.
706 236 740 273 8.
764 245 783 272 2

213 293 278 336 Ut
294 295 479 335 haberent
498 292 666 346 fignum,
696 300 734 338 4.
758 299 791 336 5.
814 289 839 326 6

212 347 278 390 Ut
296 350 401 390 horae
421 357 663 388 momentum
682 353 833 396 pereat,
865 352 883 393 3
906 352 998 393 pro-

269 404 348 459 log.
370 416 391 453 5

215 459 279 500 Ut
296 460 359 500 illa
380 456 475 498 mihi
495 451 735 509 profuerint,
768 465 800 491 1.
823 464 882 490 12.
906 462 956 500 14

218 514 280 554 Ut
321 512 419 553 illud
465 509 710 551 extraherent
754 506 920 552 malum,
964 517 996 542 1.

220 623 282 664 Ut
300 623 393 664 liber
413 620 561 662 animus
578 618 734 664 sentiat,
766 629 785 669 3
810 613 907 669 prol.
933 626 952 667 3

218 678 282 719 Ut
299 678 417 718 moris
434 677 508 724 est,
536 689 573 726 4.
595 686 658 724 24.
683 684 703 723 5

221 734 285 774 Ut
301 746 386 773 mos
403 732 456 772 est
473 730 599 784 vulgi,
633 740 665 779 5.
689 740 722 766 1.
745 738 764 778 3

220 789 283 828 Ut
300 788 369 828 nili
389 786 556 832 nossem,
591 797 660 823 1.1
675 796 706 821 1.
733 793 783 832 14

220 845 284 884 Ut
302 857 382 883 non
401 840 577 882 offendar
597 837 761 890 subripi,
791 847 828 887 4.
854 848 912 874 10.
932 838 956 873 6

222 900 283 940 Ut
303 912 384 937 nnn
403 897 554 950 potuit,
584 906 620 944 4.
643 906 677 932 2.
703 905 721 944 3

222 954 285 994 Ut
303 967 384 992 n‘jn
404 951 470 991 sim
489 950 605 994 liber,
636 960 668 1000 3.
690 959 724 997 7.
753 959 800 998 27

221 1008 285 1049 Ut
302 1008 516 1048 novitatem
536 1001 772 1047 ostenderet,
806 1011 836 1050 5.
860 1011 891 1050 5.
912 1002 937 1038 6

222 1064 286 1104 Ut
306 1061 524 1116 opprimat,
555 1073 588 1097 2.
606 1070 642 1108 4.
667 1069 714 1095 10

221 1119 285 1158 Ut
303 1127 482 1158 ornatum
502 1124 627 1168 paret,
657 1124 693 1162 4.
715 1123 750 1161 4.
772 1120 822 1160 42

222 1174 286 1214 Ut
304 1170 522 1213 ostenderet
540 1168 635 1214 sese,
669 1180 698 1216 5.
720 1179 754 1217 7.
780 1166 826 1204 18

223 1229 286 1268 Ut
303 1226 489 1282 penderet
508 1235 664 1278 poenaS,
699 1234 729 1260 1.
751 1231 813 1269 27.
834 1221 860 1257 6

223 1283 286 1323 Ut
306 1281 449 1336 periclo
477 1278 611 1318 mortis
637 1276 802 1330 eriperet
827 1272 937 1319 suOS,
971 1284 1003 1311 1.

282 1340 344 1378 28.
369 1350 383 1375 1
397 1350 412 1375 1

224 1392 288 1432 Ut
309 1391 477 1444 posrtum
495 1387 588 1433 fuit,
621 1400 656 1439 3.
679 1387 712 1425 8.
730 1395 759 1433 4

223 1447 288 1486 Ut
306 1444 451 1499 posset,
481 1455 516 1492 4.
542 1454 598 1491 14.
623 1453 644 1490 7

224 1501 288 1541 Ut
306 1499 422 1554 poffis
440 1498 567 1536 fallere
587 1495 702 1540 alios,
735 1504 766 1543 5.
787 1505 820 1530 2.
846 1502 895 1540 14

224 1556 288 1595 Ut
306 1553 456 1606 praestes
475 1552 619 1594 vicem,
651 1562 668 1601 3
698 1547 792 1599 prol.
819 1558 868 1595 14

224 1609 288 1650 Ut
308 1618 496 1661 provocet
514 1602 778 1648 Simonidem,
807 1613 844 1651 4.
868 1611 929 1650 24..
952 1602 1003 1638 26

226 1664 288 1704 Ut
306 1663 478 1716 putavit,
513 1674 541 1699 z.
566 1672 587 1707 5
625 1671 674 1697 20

226 1719 289 1759 Ut
306 1729 489 1772 putentur
507 1715 656 1767 sapere,
684 1724 720 1762 4.
741 1715 776 1749 6.
807 1722 858 1759 24

224 1774 288 1813 Ut
305 1771 466 1826 quid-„im
486 1767 649 1810 artifices
667 1765 832 1811 faciunt,
866 1777 886 1815 5
908 1762 1005 1817 prol.

280 1828 347 1867 sec.
367 1839 394 1877 4
588 1866 592 1869 ,

226 1883 289 1923 Ut
305 1880 515 1935 quiescam,
549 1892 582 1931 3.
605 1883 641 1928 γ’.
660 1889 716 1924 >19
831 1878 834 1880 ’

224 1937 287 1977 Ut
306 1935 441 1976 reddas
461 1933 681 1988 praemium,
709 1942 746 1981 4.
769 1942 832 1980 25.
861 1929 882 1968 8

226 1993 288 2032 Ut
307 1991 438 2030 refecit
458 1990 590 2036 vires,
606 2000 642 2040 3.
664 2000 699 2025 2.
720 1999 746 2035 9
807 1989 809 1991 '

226 2047 288 2087 Ut
306 2045 445 2086 refecta
464 2045 537 2092 est,
566 2057 602 2094 4.
620 2044 684 2082 18.
705 2053 733 2091 4
799 2059 801 2067 ι

230 2102 288 2141 Ut
307 2114 364 2140 res
383 2100 535 2146 notuit,
561 2100 598 2148 ⁴5‘.
620 2110 654 2149 7.
678 2107 727 2149 37

227 2156 270 2195 U
275 2168 289 2195 t
308 2156 468 2202 scirent,
498 2170 516 2194 2
540 2153 627 2207 epil.
650 2165 669 2205 3
765 2187 768 2190 .

226 2210 291 2249 Ut
310 2209 509 2262 scopulum
529 2208 661 2261 super,
691 2219 726 2245 2.
746 2208 821 2245 6.'1
835 2218 850 2244 1

227 2265 290 2304 Ut
307 2264 500 2312 scriberet,
530 2277 566 2316 4.
591 2274 651 2313 24.
683 2273 706 2313 5
987 2301 991 2303 .

227 2319 290 2358 Ut
309 2318 343 2357 se
365 2320 527 2372 agnovit
547 2319 728 2372 captum,
755 2328 846 2370 app.
867 2325 905 2366 4.
930 2325 974 2353 11

228 2374 291 2413 Ut
309 2371 400 2411 fedi.-
419 2372 583 2420 throno,
611 2385 704 2426 apps
725 2385 758 2424 3.
782 2384 801 2424 3

228 2428 290 2467 Ut
315 2428 427 2467 sentit
444 2427 616 2474 tonsum,
648 2441 680 2482 3.
706 2440 764 2467 10.
789 2437 837 2476 27
987 2466 990 2467 ⁷

230 2482 272 2520 U
277 2495 290 2522 t
307 2481 378 2522 sese
398 2482 560 2536 eriperet
575 2481 822 2522 contumeliis
833 2494 890 2533 ,4.
907 2491 966 2532 17.
981 2491 1002 2532 3

1039 176 1101 216 Ut
1119 175 1164 215 sis
1182 175 1327 223 cust08‚
1359 188 1393 228 3.
1416 187 1452 226 7.
1473 186 1498 221 9

1038 231 1101 271 Ut
1119 231 1377 284 speiratorum
1395 240 1480 268 mos
1497 225 1571 274 est,
1605 237 1638 276 5.
1661 237 1696 274 5.
1713 238 1757 279 13

1039 286 1102 326 Ut
1116 285 1257 325 subcffe
1274 283 1576 329 contenderent,
1609 294 1640 332 5.
1663 294 1696 332 5.
1721 284 1767 322 18

1040 341 1103 380 Ut
1121 340 1327 387 succurrat,
1363 354 1395 379 1.
1418 354 1450 379 2.
1472 340 1521 378 28

1041 395 1102 435 Ut
1121 395 1318 442 sustineas,
1346 408 1383 446 4.
1409 407 1467 444 15.
1491 405 1511 443 7

1041 450 1104 490 Ut
1121 449 1313 490 sustineret
1331 449 1524 503 spiritum,
1557 460 1590 500 3.
1612 460 1648 487 2.
1668 450 1692 486 6

1043 505 1103 544 Ut
1122 515 1282 552 taceret,
1314 518 1348 557 3.
1374 509 1430 543 16.
1452 507 1476 542 6

1041 560 1104 600 Ut
1122 570 1271 606 teneat,
1300 572 1337 610 4.
1356 571 1393 609 4.
1413 570 1465 608 40

1043 614 1105 653 Ut
1124 613 1270 653 venerit
1286 613 1325 652 in
1344 612 1525 656 dubium,
1560 625 1595 664 3.
1619 623 1677 664 13.
1697 624 1719 664 7

1043 670 1106 710 Ut
1125 667 1305 708 viderunt
1324 667 1474 708 vultum
1491 666 1621 720 jovis,
1642 680 1679 716 4.
1698 678 1756 718 17.
1773 679 1821 705 10

1045 724 1106 765 Ut
1124 722 1252 772 vidit,
1287 736 1319 764 1.
1341 736 1403 762 21.
1427 725 1462 763 8:
1497 734 1530 775 3.
1556 725 1616 760 16.
1638 723 1672 761 8:
1703 734 1739 772 4.
1763 734 1821 760 21.

1100 783 1151 818 26

1042 835 1107 885 Ut
1126 833 1254 873 vincas
1274 832 1382 873 istam
1399 831 1556 881 faciem,
1589 844 1623 884 3.
1647 832 1681 870 8.
1706 834 1754 870 16

1044 889 1107 930 Ut
1126 889 1259 929 vinum
1279 899 1409 942 paret,
1438 900 1475 938 4.
1494 899 1531 938 4.
1548 900 1597 938 41

1044 945 1107 985 Ut
1125 945 1310 991 vitemus,
1343 956 1374 982 1.
1402 956 1461 992 19.
1485 955 1503 981 2

1044 1000 1108 1039 Ut
1126 999 1308 1052 voluptas
1326 997 1448 1037 satiari
1466 1010 1547 1036 non
1558 994 1686 1050 possit,
1699 1007 1736 1046 4.
1752 998 1786 1036 8.
1798 1009 1824 1045 9

1046 1054 1265 1107 Utcunque
1282 1052 1435 1106 spoliari
1453 1051 1576 1098 viros,
1606 1065 1640 1090 2.
1662 1065 1696 1090 2.
1721 1064 1737 1090 1

1048 1109 1253 1162 Uterque,
1287 1121 1402 1148 1.10.
1423 1121 1460 1159 7:
1484 1119 1516 1156 5.
1541 1118 1574 1156 5.
1598 1118 1646 1157 27

1050 1164 1146 1211 Uti,
1176 1177 1210 1217 3.
1233 1166 1266 1204 8.
1290 1175 1350 1213 14:
1371 1176 1460 1216 app.
1483 1174 1516 1214 3.
1539 1176 1565 1211 9

1049 1220 1161 1259 Utile
1179 1218 1232 1258 est
1262 1216 1373 1271 quod
1392 1216 1574 1264 facimus,
1607 1228 1640 1269 3.
1666 1228 1725 1268 17.
1750 1230 1793 1257 12

1048 1274 1179 1314 Utiles
1197 1287 1272 1320 res,
1300 1284 1340 1324 4.
1370 1286 1427 1311 10.
1452 1284 1501 1323 14

1048 1329 1220 1369 Utiliora
1238 1341 1325 1382 quae
1343 1325 1636 1380 contempseris,
1669 1338 1701 1364 1.
1724 1338 1783 1365 12.
1807 1338 1822 1365 1

1048 1383 1190 1429 Utilis,
1220 1396 1255 1436 3.
1282 1394 1340 1432 14.
1367 1395 1427 1421 11:
1455 1393 1493 1431 4.
1517 1395 1553 1433 3.
1575 1383 1610 1420 8:
1636 1393 1673 1431 4.
1695 1393 1755 1431 25.
1779 1383 1824 1421 18

1048 1438 1211 1477 Utilitas
1230 1436 1399 1489 privata,
1433 1449 1466 1474 1.
1491 1449 1552 1474 22.
1576 1448 1589 1473 1
1604 1448 1618 1473 1

1049 1491 1296 1537 Utilitatem,
1324 1502 1359 1540 4.
1385 1504 1416 1528 1.
1434 1500 1463 1539 4

1050 1546 1200 1586 Utilius
1219 1545 1370 1584 homini
1387 1543 1484 1583 nihil
1504 1542 1557 1583 est
1585 1555 1703 1596 quam
1731 1543 1830 1583 recle

1101 1599 1230 1653 loqui,
1259 1612 1413 1651 4.12.1

1050 1654 1215 1695 Utinam
1242 1654 1445 1707 impleam,
1475 1666 1509 1706 3.
1529 1666 1564 1701 9.
1586 1664 1608 1703 7

1050 1710 1218 1750 Utinam
1237 1722 1308 1750 nec
1327 1721 1535 1762 umquam,
1563 1720 1601 1757 4.
1618 1711 1655 1746 6.
1676 1710 1701 1746 6

1051 1764 1266 1818 Utriusque
1284 1763 1523 1817 exemplum,
1554 1775 1588 1815 3.
1611 1775 1672 1800 10.
1696 1776 1714 1801 2

986 1864 989 1865 ⁷
1051 1820 1308 1872 Utrumque,
1331 1832 1364 1872 3.
1385 1821 1419 1859 8.
1449 1831 1508 1857 12:
1531 1830 1567 1870 3.
1591 1830 1651 1869 13.
1672 1829 1701 1867 4

987 1917 990 1920 ,
1050 1875 1184 1916 Uvam
1205 1873 1432 1927 adpetebat,
1460 1885 1497 1924 4.
1520 1886 1552 1911 2.
1573 1885 1592 1910 2

1049 1927 1219 1983 Vulgare
1238 1928 1349 1968 amici
1364 1941 1528 1973 nomen,
1560 1939 1593 1978 3.
1613 1940 1651 1975 9.
1678 1939 1693 1964 1

1050 1984 1242 2039 vulgatus
1275 1982 1375 2023 ordo
1416 1993 1573 2043 narrata:
1603 1980 1678 2027 rei,
1707 1993 1743 2032 4.
1769 1994 1828 2033 24.

1051 2052 1170 2148 Vrii}
1193 2121 1203 2139 ,
1239 2107 1268 2132 1.
1294 2103 1353 2141 14.
1381 2101 1439 2130 12:
1461 2059 1582 2141 4814.
1606 2103 1641 2143 3:
1665 2102 1697 2140 5.
1721 2104 1754 2130 2.
1781 2105 1826 2132 12

1049 2147 1182 2201 Vulgc)
1201 2148 1273 2188 effe
1290 2145 1428 2192 fertur,
1459 2157 1493 2198 3.
1516 2158 1549 2198 3.
1574 2158 1592 2184 2

1049 2202 1239 2250 Vulnere,
1270 2215 1305 2242 2.
1327 2214 1362 2252 7.
1393 2214 1437 2240 12

1049 2257 1251 2305 Vulneris,
1281 2271 1315 2297 2.
1338 2269 1371 2309 3.
1396 2269 1415 2309 3

1049 2311 1290 2366 Vulpecula,
1318 2324 1354 2364 4.
1375 2314 1410 2352 8.
1432 2323 1480 2351 10

1050 2367 1245 2421 Vulpem,
1278 2380 1309 2406 1.
1334 2380 1393 2406 10.
1414 2378 1453 2418 4:
1477 2379 1509 2406 1.
1530 2369 1642 2417 26.7:
1662 2362 1828 2419 append.

1049 2435 1220 2532 Vulpegs,
1254 2492 1285 2518 1.
1306 2482 1367 2518 26.
1383 2476 1480 2531 ²3:21.
1504 2478 1566 2518 28.
1588 2479 1610 2517 8
1733 2529 1773 2571 V
1801 2529 1814 2569 l

1776 2543 1798 2568 u
1817 2552 1832 2560 -
