2007 2771
537 82 951 151 IND

116 181 246 237 Alapa
264 184 376 238 quid,

116 237 250 291 Alapae
257 248 329 291 pro
346 238 539 287 libertate,

114 293 240 333 Albus
258 307 307 332 an
324 306 423 342 ater,
443 292 702 347 proverbium,

115 346 233 388 Alere
240 357 313 401 pro
320 359 540 402 promo-vere
549 377 561 395 ,
819 361 833 386 1
843 361 865 385 0
874 360 895 396 5

115 401 197 441 Alii
222 403 440 455 dssllabum
451 432 463 451 ,
842 406 894 440 60

113 454 334 510 Aliquando
338 467 411 510 pro
427 456 583 510 quodam
602 465 758 510 tempore
769 485 781 504 ,
816 470 830 496 1
844 468 893 507 54

113 509 233 550 Alius
249 511 477 566 Sejanopr0‚
505 526 528 551 a
546 512 700 568 Sejano,
844 523 890 561 57

823 188 896 238 138

843 244 898 290 46

845 296 893 332 80

112 564 251 604 Altera
258 576 329 618 pro
347 566 445 615 alia,
842 579 889 618 23

112 617 320 659 AlticincJt
337 623 422 675 qui,
840 633 893 671 45

113 672 234 714 Alvei
251 675 439 716 domicilia
457 685 587 730 apum,
839 688 891 727 77

112 728 300 769 Alveolus
315 731 425 785 quid,
839 742 894 781 45

113 784 264 825 Amans
269 796 342 838 pro
360 794 543 832 amatore,
817 799 832 824 1
845 797 886 835 51

113 839 276 880 Amicus
282 839 431 892 fidelis,
459 853 519 879 res
539 844 646 888 rara,
839 853 891 892 70

111 896 273 934 Amicus
290 894 409 941 malis,
418 904 487 948 pro
503 905 635 934 amans
645 894 782 943 malos,
817 908 890 946 107

113 947 309 1001 Amphora
329 950 442 1004 quid,
844 961 892 1000 59

110 1004 275 1051 Anima,
304 1005 348 1044 de
366 1004 541 1058 amphora
559 1005 667 1051 vini,
842 1016 891 1054 59

110 1057 312 1098 Animalia
347 1059 508 1113 mascula
540 1061 581 1098 in
607 1058 755 1098 deliciis
773 1087 785 1107 ‚
839 1062 885 1099 81

349 1116 540 1153 nominata
557 1113 604 1153 ab
622 1127 664 1152 ea
675 1122 786 1167 parte
796 1141 809 1162 ,
827 1127 894 1153 un-

166 1167 212 1207 de
232 1171 396 1209 maxime
413 1170 675 1223 cognoscuntur
687 1196 700 1217 ,
816 1182 888 1222 103

111 1219 343 1264 Antidotum
360 1224 472 1278 quid,

110 1275 281 1317 Antrum
288 1288 359 1332 pro
375 1279 540 1319 vinculis·
550 1310 562 1327 ,

844 1237 892 1273 19

814 1292 830 1318 1
843 1293 857 1318 1
865 1290 892 1330 4.

111 1331 223 1371 Anus
241 1333 289 1372 ad
307 1334 518 1382 armillum,
536 1333 800 1387 proverbium,
841 1346 890 1384 59

111 1385 218 1437 Apes
221 1386 400 1439 fucorum
425 1390 606 1437 inimicae,
839 1402 889 1440 77

110 1442 305 1492 Apotheca
320 1442 432 1497 quid,
816 1485 823 1492 ,
837 1447 893 1492 96

111 1494 206 1535 Arae
214 1505 431 1549 perpetuum
446 1496 632 1537 habehant
650 1499 792 1549 ignem,
815 1509 893 1547 104

111 1549 308 1590 Araneum
318 1580 329 1598 ‚
359 1550 540 1604 absolute,
842 1563 891 1601 50

112 1603 219 1642 Arca
238 1605 361 1652 dives,
378 1605 424 1644 de
428 1607 589 1658 fiimmt's
601 1605 729 1660 opibus·
739 1634 752 1655 ,
815 1610 892 1646 106

113 1657 337 1700 Ardeliones
352 1673 416 1714 qui
426 1688 439 1706 ,
836 1673 892 1712 44

113 1711 284 1762 Ardens,
313 1716 358 1755 de
363 1713 479 1767 face,
842 1729 889 1768 32

115 1766 263 1808 Ardere
265 1768 337 1820 stti
346 1798 358 1817 ,
843 1774 889 1824 83

113 1821 326 1876 Argentum
332 1834 406 1877 pro
422 1827 605 1880 argenteis
609 1823 729 1880 signis
739 1853 751 1873 ,
814 1838 892 1878 134

112 1877 385 1930 Argumentum
400 1890 471 1933 pro
484 1880 625 1935 fabula
640 1909 652 1929 ,
691 1883 766 1933 48,
802 1893 891 1928 102,

1077 87 1121 142 E
1246 88 1304 148 X

941 183 1142 237 Atrienses
1161 188 1225 241 qui
1235 215 1247 235 ,
1665 204 1720 244 45

940 239 1043 290 Atrs
1059 244 1284 292 mutatus-in
1290 243 1426 295 pinum
1445 244 1628 293 arborem,
1668 251 1720 297 84

939 294 1086 332 Aufftor
1105 296 1216 349 quid,
1629 321 1631 323 ¹
1664 304 1715 353 78

938 347 1134 388 Audai‘Jer
1140 361 1213 403 pro
1231 351 1342 390 libere
1352 382 1363 400 ,
1666 368 1684 407 3
1693 369 1717 402 9

937 401 1102 454 Auferre
1118 405 1354 458 insolentiam
1362 417 1434 460 pro
1453 408 1623 446 omittere
1633 436 1644 455 ,
1665 414 1689 447 6
1698 422 1718 455 5

939 457 1130 510 Augustus
1156 459 1274 508 unde,
1305 474 1367 512 74.
1424 463 1613 502 remittere
1639 465 1720 501 ani-

992 525 1089 550 mum
1096 513 1263 566 solitus,
1664 531 1715 569 79

938 565 1135 606 Aviditas
1144 579 1213 621 pro
1231 569 1345 610 avido
1356 600 1367 616 ,
1693 586 1718 620 9

937 620 1047 658 Aura
1056 631 1127 674 pro
1135 621 1281 675 favore
1291 652 1302 670 ,
1642 638 1719 676 145

936 673 1053 714 Aurae
1064 686 1132 728 pro
1150 678 1256 725 aere,
1650 685 1721 730 ⁷46

937 729 1098 770 Aurarii
1106 760 1116 778 ‚
1132 731 1350 785 favitores,
1642 746 1720 785 145

935 784 1141 824 Auritulus
1151 797 1219 839 pro
1237 787 1331 836 afino
1341 816 1352 835 ‚
1412 801 1447 841 3,
1463 802 1477 827 1
1491 800 1525 838 5,
1539 801 1586 826 10
1591 800 1627 839 3,
1642 801 1689 840 15
1699 802 1713 827 1

937 841 1128 886 Auritus,
1146 851 1218 893 pro
1235 841 1374 895 lepore,
1695 856 1715 895 3

937 894 1121 942 Axenus,
1151 895 1196 935 de
1217 896 1367 944 Ponto,
1643 910 1718 936 100

1292 1005 1333 1044 Β.

937 1106 1195 1218 BAlantes
1202 1122 1274 1166 pro
1290 1114 1422 1155 ovibus
1431 1144 1442 1163 ,
1695 1130 1713 1169 3

1058 1167 1251 1209 Barbatus
1256 1180 1329 1224 pro
1345 1171 1447 1211 hirco
1458 1198 1470 1217 ,
1586 1184 1622 1223 3,
1640 1185 1713 1224 103

936 1221 1044 1273 Basts
1061 1232 1200 1263 aeterna
1219 1225 1330 1278 quid,
1669 1239 1713 1276 51

936 1276 1137 1330 Bathyllus
1153 1282 1286 1318 mimus
1300 1309 1311 1328 ‚
1641 1293 1656 1318 1
1665 1292 1719 1331 45

937 1331 1082 1372 Bidens
1089 1342 1161 1387 pro
1179 1348 1250 1374 ove
1260 1366 1272 1382 ,
1561 1349 1579 1374 2
1591 1347 1627 1381 2,
1642 1347 1656 1373 1
1665 1347 1715 1386 03

936 1386 1125 1441 Bilinguis
1135 1398 1203 1441 pro
1208 1388 1348 1441 fallaci
1360 1422 1369 1436 ‚
1663 1402 1715 1440 43

936 1440 1118 1494 Bipennis
1125 1453 1197 1496 pro
1209 1444 1348 1495 securi,
1640 1456 1655 1481 1
1668 1448 1713 1491 58

935 1495 1008 1534 Bis
1025 1509 1117 1534 mori
1134 1525 1146 1544 ,
1666 1512 1684 1536 2
1696 1510 1716 1547 5

935 1549 1064 1589 Boves
1075 1549 1273 1603 frondibus
1292 1551 1378 1592 olim
1387 1549 1649 1606 pascebantur,
1661 1564 1714 1602 49

935 1604 1079 1644 Bruma
1095 1606 1207 1659 quid,
1640 1620 1654 1645 1
1665 1621 1682 1645 2
1691 1619 1717 1656 4.

935 1658 1068 1699 Bubile
1084 1660 1180 1700 unde
1188 1689 1200 1708 ,
1661 1674 1715 1712 49

1316 1770 1363 1809 C.

1045 1879 1232 1922 Adavera
1240 1880 1326 1920 olim
1342 1881 1381 1918 in
1398 1881 1538 1920 cineres
1550 1879 1715 1926 redona,

612 1947 701 1984 105,
715 1950 730 1975 1
742 1949 802 1982 10,
816 1949 831 1974 1
869 1938 889 1976 8
1692 1949 1716 1973 0

110 1987 264 2041 Argus,
292 1989 396 2028 homo
413 1999 559 2031 centum
577 1990 711 2039 oculis,
842 1948 890 2041 ΞΟ
933 1991 1094 2038 Cadere,
1123 1991 1169 2031 de
1175 1992 1367 2044 partione,
1664 1948 1717 2029 ἕο

113 2042 235 2083 Artes
243 2052 312 2095 pro
328 2044 467 2097 Mrfis,
843 2057 892 2095 55
933 2046 1058 2084 Cadus
1074 2046 1187 2099 quid,
1662 2047 1718 2093 96

113 2096 284 2137 Articuli
293 2108 362 2150 pro
382 2099 527 2141 nodulis
537 2128 550 2149 ,
814 2114 830 2139 1
843 2102 889 2149 58
931 2100 1141 2140 Calamitas
1149 2111 1219 2153 pro
1234 2099 1464 2151 calamitosti,
1690 2101 1711 2138 8

115 2149 245 2190 Arius
254 2163 326 2205 pro
342 2154 469 2202 nodis,
814 2168 829 2193 1
842 2157 887 2205 58
933 2154 1106 2194 Calceare
1116 2155 1232 2208 pedes
1251 2186 1262 2202 ‚
1666 2166 1717 2191 20

116 2205 209 2246 Arx
226 2208 339 2260 quid,
870 2221 892 2259 5
934 2209 1167 2250 Calumniari
1183 2209 1228 2249 de
1244 2222 1313 2264 quo
1331 2209 1500 2257 dicatur,
1694 2222 1713 2247 z

115 2259 225 2311 Astm·
243 2261 360 2316 bajuli
372 2263 626 2314 sarcinarum,
842 2265 892 2312 89
934 2263 1214 2312 Calumniator,
1242 2264 1287 2304 de
1304 2277 1414 2311 cane,
1602 2276 1640 2316 3,
1666 2276 1683 2301 2
1695 2276 1712 2300 2

114 2315 216 2364 Affis
232 2329 401 2356 nummus
420 2330 540 2357 aeneus
551 2346 563 2365 ,
841 2322 895 2369 64
935 2319 1097 2358 Camara
1115 2320 1229 2375 quid,
1642 2330 1656 2355 Ι
1667 2330 1683 2355 2
1694 2330 1716 2367 7

114 2369 394 2421 Athenae,urbs
411 2371 543 2412 nobilis
562 2373 717 2413 Graeciae
727 2404 738 2422 ‚
869 2385 896 2423 4
936 2374 1109 2414 Camelus
1119 2377 1302 2423 privatus
1317 2372 1487 2420 auribus,
1667 2373 1718 2421 87

305 2429 538 2466 inventrices
556 2432 694 2468 artium
705 2458 716 2477 ,
846 2430 894 2477 58
939 2430 1079 2469 Canere
1095 2430 1255 2484 aliquem
1272 2460 1283 2477 ,
1641 2438 1656 2463 Ι
1666 2439 1683 2464 2
1693 2439 1718 2463 0

113 2479 274 2529 Attjca,
303 2482 465 2537 Achajae
484 2484 603 2536 regio,
846 2495 891 2533 51
941 2484 1061 2523 Canes
1078 2499 1128 2525 an
1147 2489 1187 2525 in
1206 2499 1243 2524 re
1262 2486 1441 2524 venatica
1448 2481 1649 2535 foeminino
1653 2492 1721 2532 ge-

1639 2547 1721 2573 ΤΙΒΤΕ

1005 2539 1081 2594 Gg
