2007 2771
327 87 672 160 LIBRI
745 93 852 152 II.
940 91 1578 154 EPILOGUS.
1688 121 1753 167 51

447 336 1463 399 EPILOGUS.

162 464 301 575 AE
325 483 409 527 So
428 486 491 525 Pl
537 463 784 543 ingenio
816 460 1056 522 statuam
1086 455 1328 544 posuere
1362 462 1593 533 Attici,

325 568 681 647 Servumque
712 560 1071 622 collocarunt
1102 576 1304 620 aeterna
1335 561 1394 619 in
1426 556 1546 619 bafi
1565 606 1582 630 ,

163 670 361 729 Patere
392 665 635 726 honoris
667 661 870 723 scirent
899 676 964 721 ut
993 657 1191 719 cunffri
1220 663 1381 720 viam
1402 696 1420 722 ‚

159 769 294 830 Nec
326 767 526 849 generi
554 762 765 825 tribui,
814 756 913 818 sed
944 757 1178 820 virtuti,
1230 752 1495 834 gloriam,

166 862 472 947 Qoniam
502 871 814 942 occuparat
846 854 982 914 alter
999 900 1016 926 ‚
1062 876 1133 912 ne
1169 856 1389 935 primus
1419 849 1647 917 forem,
1781 871 1804 906 ς

161 964 261 1024 Ne
294 956 448 1020 solus
477 957 610 1019 effer
632 1005 649 1030 ,
693 954 920 1028 studui,
967 951 1131 1036 quod
1161 948 1458 1035 superfuit.

159 1061 384 1142 Neque
416 1055 536 1116 haec
567 1054 833 1127 invidia,
879 1075 1090 1117 Verum
1119 1051 1199 1113 est
1227 1053 1536 1114 aemulatio.

166 1156 352 1240 Qod
380 1156 423 1216 fi
452 1156 640 1216 labori
661 1154 871 1218 faverit
899 1157 1140 1214 Latium
1169 1171 1341 1218 meo,

161 1255 351 1319 Plures
383 1252 627 1314 habebit
655 1272 805 1336 quos
833 1268 1097 1336 opponat
1128 1251 1374 1311 Graeciae.

1709 1347 1767 1408 Si

600 1444 1326 1478 AD'EPILOGUM.

202 1515 228 1537 1.
250 1503 445 1539 lucrino]
468 1500 580 1531 Praefat.
597 1502 646 1532 lib.
665 1510 693 1542 3.
984 1507 1051 1530 tere.
1094 1499 1144 1530 De
1185 1510 1226 1530 uo
1255 1501 1323 1531 vide
1358 1508 1496 1539 quaenam
1531 1499 1702 1540 congesserit
1738 1501 1769 1530 in

240 1547 509 1583 AEternamfamam
530 1543 642 1573 comme
657 1541 835 1582 ingeniosuo.
983 1542 1061 1571 notis
1091 1540 1128 1571 ad
1157 1510 1243 1580 Epist.
1273 1541 1361 1571 Pont.
1389 1540 1492 1570 Ovidii
1515 1542 1563 1584 lib.
1585 1552 1614 1581 4.
1642 1541 1697 1580 Ep.
1723 1543 1770 1571 16.

199 1586 411 1621 Posurm-:J
435 1583 568 1614 Erexere.
590 1583 746 1624 Eleganter
760 1583 797 1613 de
812 1583 917 1613 statuis.
984 1582 1054 1612 vers.
1077 1591 1124 1622 30.
1168 1582 1247 1612 Vide
1281 1581 1309 1611 δε
1343 1582 1474 1612 eundem
1509 1582 1640 1619 ejusdcm
1674 1584 1770 1621 operis

200 1628 370 1664 Αττιςι]
406 1623 608 1656 Athenienses.
650 1625 752 1655 Attica
787 1623 825 1653 est
860 1625 941 1665 regio
982 1621 1091 1653 Tomo
1109 1633 1135 1653 2.
1158 1633 1185 1662 p.
1199 1623 1269 1663 465.

159 1668 297 1707 Achajae‚
318 1670 349 1698 in
365 1677 424 1706 qua
439 1667 572 1698 Athenae.
678 1684 681 1688 «
1026 1672 1052 1703 7.
1075 1663 1335 1701 AEMULATlo]
1365 1664 1439 1694 Haec
1454 1673 1511 1693 vox
1533 1664 1649 1703 proprie
1663 1664 1700 1694 de
1713 1663 1770 1694 dis-

201 1720 228 1739 2.
251 1709 270 1739 S
280 1719 298 1739 E
308 1718 328 1738 R
338 1718 355 1738 v
365 1711 528 1745 UMQUE]
552 1706 639 1737 Licet
654 1706 728 1736 foret
736 1705 848 1736 servus:
859 1715 942 1737 nem·
983 1706 1086 1745 cipulis
1100 1705 1221 1744 dicitur,
1244 1707 1293 1744 qui
1309 1712 1515 1745 praeceptorem
1532 1706 1693 1736 imitantur.
1722 1705 1767 1737 Ita

159 1758 195 1788 pe
209 1751 276 1788 quia
290 1751 332 1779 his
346 1747 497 1779 concessus
510 1747 559 1777 iste
575 1749 670 1777 honor
686 1756 748 1776 non
763 1747 825 1776 fuit.
983 1747 1104 1785 quidem
1119 1748 1165 1777 hic
1180 1746 1312 1777 sumitur.
1356 1747 1504 1777 Caeterum
1521 1747 1579 1776 haec
1595 1755 1651 1776 vox
1671 1747 1767 1786 dupli-

200 1790 243 1820 AE
253 1800 298 1822 TE
308 1799 329 1820 R
339 1791 410 1826 ΝΑ]
433 1787 577 1827 Respectu
593 1788 754 1818 voluntatis
770 1786 797 1816 &
812 1787 941 1825 proposi·
982 1797 1049 1817 cern
1063 1788 1147 1818 habet
1163 1788 1423 1828 fignificationem‚
1446 1790 1568 1818 alteram
1585 1788 1621 1818 ad
1637 1789 1765 1828 laudem,

159 1831 421 1862 tiAtheniensium.
443 1828 534 1860 Erant
550 1830 631 1860 enim
647 1828 726 1859 bases
741 1829 797 1858 illoe
811 1836 845 1858 ex
859 1828 940 1866 sam,
982 1831 1105 1858 alteram
1119 1828 1156 1858 ad
1172 1831 1301 1867 culpam.
1329 1828 1438 1858 Cicero
1453 1829 1489 1858 de
1504 1838 1538 1859 ea
1553 1830 1599 1859 lib.
1619 1838 1661 1859 1v.
1671 1829 1765 1859 Tuso.

159 1873 257 1903 forma
271 1872 428 1911 quadrata,
450 1873 496 1900 vel
512 1871 648 1901 rotunda.
670 1872 786 1901 AEterna
801 1878 871 1910 ergo
886 1869 941 1907 est,
981 1879 1007 1899 c.
1024 1879 1111 1900 V111.
1140 1869 1308 1911 Dupliciter
1327 1870 1375 1899 iHa
1399 1870 1513 1912 quidem
1535 1870 1658 1907 dicitur,
1680 1879 1712 1900 ut
1725 1869 1766 1905 {5³

160 1922 232 1953 aegre
247 1913 418 1944 destruenda
432 1919 481 1942 aut
496 1912 653 1948 solvenda,
675 1910 703 1940 ὅ(
719 1911 755 1941 fic
770 1919 863 1948 quarn
878 1910 942 1940 diu-
982 1914 1014 1941 in
1028 1911 1127 1949 laude,
1149 1910 1188 1945 ἐς)
1203 1914 1235 1940 in
1249 1914 1324 1940 vitio
1338 1922 1437 1941 nomen
1450 1911 1498 1941 hoc
1504 1911 1543 1949 stt
1555 1921 1637 1942 :nam
1651 1911 1766 1946 &imi-

158 1954 261 1985 tiffime
274 1955 419 1985 duratura.
442 1952 550 1983 Statius
564 1953 601 1984 de
615 1951 671 1982 bafi
688 1951 784 1982 statuae
797 1950 943 1982 Coloffeae
983 1955 1054 1982 tatio
1068 1952 1186 1982 virtutis
1200 1976 1208 1990 ‚
1229 1951 1371 1982 aemulatio
1392 1952 1502 1982 dicitur
1515 1964 1525 1982 :
1548 1951 1587 1986 ξς)
1602 1952 1637 1991 est
1651 1952 1766 1982 oemula-

160 1994 329 2027 Domitiani
345 1998 364 2026 l.
384 2005 408 2025 1.
426 1993 498 2025 Silv.
514 1994 585 2025 vers.
601 1993 649 2032 58.
983 1996 1022 2023 tio
1037 1993 1169 2034 agritudo
1183 2017 1191 2031 ‚
1204 1993 1234 2031 st
1248 2004 1276 2022 eo
1291 2016 1299 2031 ‚
1321 1993 1394 2036 quod
1404 1994 1462 2035 qm&
1483 1996 1653 2034 concupierit
1667 2017 1675 2031 ‚
1696 1993 1766 2024 alius

355 2033 462 2067 Teneat
493 2036 607 2067 ltamw's
621 2042 725 2065 ‘eterna
738 2034 861 2076 crepido,
975 2038 1123 2075 potiatur,
1146 2035 1201 2075 ij>se
1216 2042 1319 2064 careat.
1342 2033 1512 2065 AEmulatio
1529 2035 1627 2074 itaque
1642 2034 1766 2076 degene-

240 2078 308 2121 Quae
316 2047 500 2120 superingesli
531 2083 636 2107 artaret
651 2076 777 2106 culmina
792 2075 898 2105 monui.
982 2085 1049 2106 rans
1065 2077 1105 2105 nil
1121 2076 1171 2105 nili
1188 2076 1300 2105 invidia
1314 2074 1359 2105 est*

204 2127 230 2155 ς.
253 2121 476 2160 ΩυοΝιΑΜ]
499 2085 587 2150 (ςῑάο
602 2118 639 2148 est
655 2127 661 2148 ς
691 2117 795 2147 studui
812 2126 848 2147 ne
869 2119 939 2147 alter
1023 2116 1050 2146 8.
1074 2115 1266 2152 LATloM]
1309 2115 1422 2146 Latini.
1465 2115 1585 2147 Meton.
1628 2115 1766 2154 Subjeffi.

163 2158 229 2189 effer
243 2159 321 2191 solus
343 2161 528 2201 (fabulator)
551 2161 695 2198 quoniam
710 2158 868 2197 occuparat
890 2159 939 2196 (id
981 2158 1104 2188 Latium
1126 2167 1214 2196 porro
1235 2158 1317 2198 regio
1338 2157 1427 2188 Italioe
1449 2157 1598 2188 notiffiina
1613 2159 1686 2189 inter
1701 2158 1763 2188 He-

163 2198 218 2238 est,
240 2208 427 2232 anteverterat
441 2202 510 2239 me)
532 2210 570 2231 ne
584 2202 680 2231 forem
695 2201 805 2238 primus
822 2210 827 2231 :
857 2200 938 2238 quod
980 2200 1102 2229 truriam
1118 2199 1145 2228 δε
1160 2198 1378 2238 Campaniam,
1400 2209 1417 2229 a
1432 2200 1553 2230 latendo
1567 2199 1660 2238 dicta,
1683 2200 1764 2239 quod

163 2243 277 2280 (unum
293 2243 384 2280 mihi)
405 2242 544 2280 superfuit
559 2266 568 2279 .,
590 2243 619 2273 id
635 2241 689 2279 est,
711 2242 846 2272 reliclum
863 2249 940 2280 erat,
981 2241 1019 2270 ibi
1035 2240 1176 2271 saturnus
1192 2241 1315 2271 latitfirit.

164 2284 208 2312 vel
234 2285 401 2321 proximum
421 2289 490 2312 erat.
532 2283 606 2313 Haec
627 2285 707 2314 enlm
729 2282 767 2313 est
783 2283 937 2313 sententia:
1022 2291 1050 2321 9.
1073 2281 1257 2319 PLURES]
1281 2282 1343 2322 Qui
1366 2282 1471 2312 nmilia
1491 2281 1623 2322 facient,
1653 2283 1763 2313 incitati

165 2323 246 2362 Quia
260 2323 352 2354 Attici
375 2323 454 2353 sac‘to
473 2323 525 2353 suo
540 2324 702 2354 docuerunt
717 2347 725 2362 ,
760 2323 872 2354 cunetis
893 2334 943 2354 cu·
985 2325 1122 2362 exemplo
1138 2333 1218 2353 meo.

164 2364 325 2403 juscunque
347 2365 429 2395 sortis
450 2364 563 2395 aditum
592 2373 687 2403 patere
708 2365 743 2395 ad
773 2367 919 2396 honorem
934 2388 942 2402 ‚
1026 2363 1244 2400 OPPONAT]
1273 2363 1441 2404 Tanquam
1464 2366 1536 2394 tales
1550 2389 1558 2402 ,
1588 2365 1637 2403 qui
1652 2388 1660 2401 ,
1684 2365 1765 2403 quod

166 2415 222 2445 ego
242 2416 361 2445 quoqne
381 2404 519 2442 consequi
541 2415 611 2436 eum
631 2405 721 2437 studui
736 2409 872 2446 exemplo
888 2405 943 2436 ΑΞ-
986 2406 1023 2435 ibi
1038 2405 1141 2436 Graece
1155 2407 1219 2443 alii,
1241 2407 1289 2445 ipsi
1304 2405 1413 2436 Latine
1427 2406 1765 2446 composucri1it,aequa-

165 2446 236 2485 sopi.
279 2448 445 2487 Suspicatur
466 2444 605 2476 Nobiliff.
632 2447 766 2478 Heinflus
788 2448 943 2478 Phaedrum
987 2448 1004 2478 li
1020 2448 1140 2488 ingenio
1153 2447 1378 2487 prcestantiaqnc.

167 2489 212 2519 hic
241 2491 322 2529 loqui
343 2489 379 2520 de
401 2487 459 2519 Cn.
482 2487 538 2518 five
559 2487 594 2518 C.
618 2487 738 2520 Meliffo
753 2512 761 2528 ,
782 2489 874 2522 Po'c'ta
895 2498 943 2520 ve-
1051 2529 1080 2561 G
1696 2525 1722 2553 Γ

1104 2540 1121 2561 2
1629 2538 1639 2558 1
1646 2537 1665 2557 O
1704 2547 1722 2557 -t
1732 2536 1766 2558 U*
