2007 2771
344 100 679 164 LIBRI
749 101 886 161 III.

157 204 324 283 Ergo
354 198 492 260 hinc
525 196 756 271 abest0‚
803 201 1021 274 Livor,
1069 223 1144 262 ne
1172 200 1373 264 frustra
1401 227 1631 288 gemas:

970 103 1453 166 FABULA
1520 110 1560 168 I.
1699 137 1768 184 59

1784 238 1829 269 60

159 304 466 380 Qoniam
494 297 647 359 mihi
673 296 948 360 solemnis
980 299 1226 362 debetur
1255 302 1454 384 gloria.

238 399 454 462 Induxi
484 416 540 457 te
570 397 643 459 ad
671 397 1024 481 legendum:
1087 400 1372 463 sincerum
1409 402 1558 463 mihi

153 497 436 560 Candore
467 513 614 557 noto
646 497 853 560 reddas
890 498 1179 576 judicium
1209 517 1366 585 peto.

193 597 242 627 60.
265 596 431 637 GEMAs]
455 595 506 628 Ob
521 597 693 627 felicitatem
708 597 845 628 alienam.
868 596 939 628 Pro-
982 597 1156 636 compulisse
1172 605 1198 628 te
1214 608 1244 630 ut
1260 602 1347 639 legas.
1391 599 1448 630 Pro
1464 602 1519 632 hac
1535 613 1601 634 mea
1616 614 1704 643 opera
1718 629 1726 642 ‚
1750 607 1768 636 fi

154 640 214 677 prie
228 639 264 669 de
280 640 380 669 livore.

981 647 1014 668 ex
1029 641 1241 677 eaJucundum
1258 639 1368 681 aliquid
1384 643 1433 672 tibi
1450 644 1577 684 accidet,
1599 647 1657 676 hoc
1672 657 1767 678 unum

194 680 242 710 61.
266 679 285 710 S
295 689 316 710 0
326 690 342 710 L
352 690 368 710 E
378 682 494 717 MN1S]
525 678 628 709 Solita.
660 679 790 718 Respicit
804 682 938 719 exempla
980 687 1049 719 peto
1064 688 1095 710 ut
1110 681 1212 712 reddas
1223 683 1381 721 judicium.

152 719 225 751 Lini
240 721 267 751 ἂ
283 721 410 761 Orphei,
425 731 473 760 qui
490 721 602 752 tametfi
615 719 748 752 Thraces
763 722 936 760 fuerint,ta-

149 772 220 793 men
235 770 349 794 tantam
365 764 554 794 obtinuerunt
570 764 708 802 gloriam.

1021 722 1069 762 63.
1092 720 1235 761 Noroj
1260 725 1361 765 Quem
1378 726 1489 757 constat
1512 729 1541 757 in
1557 735 1584 757 te
1599 727 1654 759 esse
1670 730 1763 760 litum„

1020 762 1243 803 JUD1c1UM]
1266 766 1383 805 judices
1404 769 1529 799 candide
1552 768 1580 798 ἀ
1602 770 1708 801 fincere
1728 772 1765 802 de

195 804 243 835 62.
266 804 305 836 IN
316 814 368 836 Du
379 807 436 842 xr]
460 805 520 835 Hic
533 803 630 834 sensus
645 803 699 835 est:
722 803 808 843 Scio,
830 813 879 835 me
894 805 936 835 his
980 804 1022 835 his
1039 806 1154 835 libellis.

623 941 687 1020 F
803 940 881 1018 A

999 943 1078 1020 B.
1221 944 1274 1023 Ι.

385 1063 653 1105 ANUS
731 1063 846 1103 AD
924 1063 1529 1108 AMPHORAM.

144 1159 259 1270 A
280 1178 381 1223 NU
401 1177 431 1221 s
478 1164 666 1235 jacere
695 1157 852 1221 vidit
881 1175 1121 1242 epotam
1152 1160 1534 1246 amphoram,

277 1255 503 1317 Adhuc
533 1254 775 1316 Falerna
800 1252 985 1328 faece,
1032 1278 1063 1316 e
1095 1256 1232 1317 testa
1260 1258 1448 1319 nobili

135 1352 413 1418 'Odorem
442 1377 570 1438 quae
601 1352 929 1430 jucundum
956 1353 1069 1413 late
1098 1354 1403 1439 spargeret.

135 1449 314 1512 Hunc
345 1450 659 1536 postquam
692 1454 832 1513 totis
861 1451 1032 1516 avida
1060 1456 1232 1514 traxit
1262 1455 1498 1516 naribus
1523 1480 1534 1514 :

139 1551 202 1610 O
233 1549 419 1613 suavis
452 1552 673 1617 anima,
729 1549 898 1634 quale
927 1553 991 1610 in
1018 1565 1076 1609 te
1102 1550 1301 1613 dicam
1331 1552 1562 1613 bonum
1760 1594 1785 1632 5-

179 1746 204 1789 1'.
227 1757 357 1794 ANUS]
386 1756 580 1787 Proverbium
601 1763 682 1786 vetus
703 1756 741 1787 est
755 1781 763 1796 ,
791 1757 866 1788 Anus
879 1759 919 1787 ad

134 1800 281 1829 armillum
295 1797 385 1835 redit,
405 1798 434 1828 id
449 1798 502 1837 est,
524 1798 560 1829 ad
575 1807 626 1828 vas
639 1799 796 1829 vinarium.
831 1798 916 1829 Con-

134 1840 251 1870 struclio
265 1840 329 1869 talis
343 1838 397 1870 est:
420 1839 508 1870 Anus
522 1840 594 1870 vidit
609 1840 785 1878 amphoram
794 1847 914 1878 epotam

134 1882 185 1921 (id
199 1881 253 1919 est,
275 1879 462 1919 exhaustam)
479 1881 593 1919 jacere,
616 1881 711 1910 adhuc
726 1881 852 1911 Falerna
866 1881 914 1911 fae-

134 1932 254 1961 ce‚quae
269 1923 325 1953 late
338 1921 481 1962 spargeret
491 1921 663 1959 jucundum
677 1922 803 1953 odorem
817 1932 833 1953 e
848 1923 916 1953 tella

134 1965 236 1995 nobili.

174 2005 435 2041 AMPHORAM]
458 2003 618 2035 Vinarium
638 2013 689 2035 vas
711 2003 781 2034 octo
803 2004 831 2034 &
846 2014 917 2043 qua-

132 2045 265 2087 draginta
277 2046 414 2076 sextarios
429 2047 593 2076 continens.
617 2045 650 2077 In
665 2047 706 2077 his
722 2046 792 2076 valis
807 2047 914 2077 vinum

133 2086 293 2118 Falernum
310 2087 482 2118 servabatur.

176 2139 203 2159 2.
226 2128 424 2159 FALERNA
452 2132 581 2167 FAECE]
611 2128 729 2159 Falerni
750 2129 811 2159 vini
833 2128 912 2159 faece.

133 2168 275 2200 Falernus
295 2178 383 2201 mons
403 2168 431 2198 &
452 2179 519 2210 ager
539 2177 599 2201 erat
620 2170 815 2209 Campaniae:
846 2179 912 2211 ager

133 2210 289 2283 srugnenti,
311 2219 397 2242 mons
411 2211 472 2242 vini
486 2211 690 2253 generofiffimi
702 2212 791 2243 ferax.
805 2211 912 2243 Horat.

134 2262 152 2285 ι
197 2259 234 2283 at.
252 2262 280 2283 2.

214 2294 382 2324 Surrentina
395 2295 479 2332 vafer
493 2318 502 2334 ‚
522 2296 572 2337 qui
586 2295 681 2335 miscet
687 2297 756 2335 faece
771 2295 892 2327 Falerna

213 2335 303 2374 Vina,
325 2334 477 2367 columbino
491 2336 595 2367 limum
609 2337 675 2368 bene
689 2337 752 2368 colli
770 2340 795 2368 it
808 2349 868 2368 ow.

132 2372 224 2416 Apud
238 2376 431 2408 Prudentium
448 2386 460 2408 1
472 2378 573 2417 hymn.
584 2377 650 2408 126.
665 2378 703 2411 est
756 2379 847 2420 ustum
855 2378 910 2411 Fa—

132 2417 252 2450 lernam.

172 2459 207 2491 N
216 2462 345 2498 omni]
369 2460 451 2500 Quia
464 2460 634 2500 inscriptum
649 2463 770 2494 habebat
791 2464 910 2494 titulum

130 2506 193 2537 tam
212 2502 348 2536 celebrati
375 2504 446 2535 vini·
489 2501 630 2535 Solebant
649 2505 732 2538 enim
758 2503 912 2538 inscribere

1558 1639 1749 1699 Ante-

958 1718 987 1748 A
1030 1718 1065 1748 B.
1130 1717 1151 1747 Ι.

960 1759 1016 1789 istis
1030 1760 1179 1798 amphoris
1195 1770 1308 1792 nomen
1322 1762 1383 1791 vini
1397 1785 1405 1799 ‚
1428 1763 1475 1793 ubi
1497 1760 1525 1790 <St
1540 1763 1661 1800 quando
1677 1761 1744 1794 esset

959 1808 1078 1838 natum,
1102 1801 1130 1830 in
1147 1803 1251 1838 quibus
1266 1803 1455 1833 condebatur.
1485 1802 1607 1834 Nobilis
1623 1814 1743 1843 quoque

957 1842 1015 1871 dici
1030 1840 1120 1880 potest
1136 1843 1175 1872 ob
1191 1844 1361 1881 materiam,
1384 1854 1399 1873 e
1415 1854 1473 1883 qua
1487 1852 1547 1874 erat
1561 1846 1699 1876 conflata.

997 1893 1025 1923 4.
1047 1882 1108 1912 ΤΒ
1118 1892 1139 1912 Α
1149 1887 1235 1921 X1T]
1259 1884 1416 1923 Quantum
1429 1893 1541 1925 poterat
1556 1885 1742 1917 attraxit.Vi-

957 1924 1040 1954 detur
1054 1925 1111 1954 hoc
1119 1925 1242 1956 verbum
1251 1927 1421 1957 aviditatem
1430 1929 1561 1966 aliquam
1571 1928 1741 1969 lignificare,

958 1973 1070 2003 etiamsi
1091 1983 1154 2005 non
1174 1975 1325 2006 addidiss'et
1345 1978 1432 2015 po'e'ta
1456 1971 1488 2004 τὸ
1510 1978 1608 2008 avida.
1632 1977 1739 2009 Horat.

958 2013 1054 2054 Epod.
1070 2024 1135 2045 xrv.

1036 2055 1144 2087 Pocula
1159 2057 1284 2088 Lethaeos
1301 2057 1368 2094 ulfi
1380 2058 1511 2088 ducentia
1519 2059 1637 2098 fhmnos,

1171 2098 1276 2129 Arente
1284 2100 1369 2136 fauce
1384 2103 1537 2129 traxerim.

997 2147 1024 2177 5.
1046 2138 1205 2177 AN1MA]
1236 2139 1410 2178 Alloquitur
1431 2142 1607 2180 amphoram
1621 2166 1629 2180 ‚
1657 2151 1739 2173 eam-

956 2190 1013 2220 que
1028 2189 1100 2211 anus
1115 2182 1267 2211 vinolenta
1287 2191 1384 2212 rerum
1407 2184 1547 2214 omnium
1561 2183 1737 2215 cariffimam

955 2223 1080 2259 ducens,
1103 2222 1130 2252 ἃ
1145 2223 1286 2253 delicium
1301 2222 1388 2253 suum
1402 2224 1529 2264 faciens,
1551 2226 1658 2256 blande
1674 2225 1737 2256 sua-

955 2274 1024 2294 vem
1039 2265 1173 2295 animam
1189 2265 1314 2304 appellat
1328 2275 1337 2303 3
1359 2264 1467 2296 scilicet
1483 2273 1514 2296 ut
1528 2266 1636 2298 Cicero
1651 2266 1737 2297 caris-

955 2306 1033 2336 fimis
1055 2305 1112 2336 suis
1132 2305 1257 2337 scribens
1272 2330 1280 2345 ‚
1308 2317 1359 2336 vos
1378 2310 1482 2337 animae
1503 2319 1570 2339 mere
1585 2333 1593 2347 ‚
1630 2309 1735 2348 inquit.

953 2346 1002 2378 Sic
1023 2348 1131 2378 devota
1150 2349 1223 2379 vino
1243 2349 1342 2378 vetula
1364 2350 1539 2387 amphoram
1560 2351 1649 2381 veluti
1671 2359 1736 2380 cor-

952 2392 1055 2420 culum
1077 2391 1233 2429 amplexa‚
1268 2399 1288 2420 ο
1302 2389 1388 2420 suave
1410 2392 1494 2421 olens
1514 2392 1669 2429 animula,
1691 2392 1734 2421 in-

952 2432 1029 2471 quit!
1053 2432 1153 2470 quales
1168 2431 1286 2462 delicias
1300 2455 1308 2470 ,
1336 2433 1422 2471 quale
1438 2433 1468 2463 in
1483 2440 1510 2463 te
1524 2434 1639 2464 bonum
1654 2439 1733 2462 ante-

952 2475 1007 2504 hac
1021 2472 1102 2503 fuisse
1115 2473 1230 2512 dicam,
1253 2474 1281 2504 in
1296 2482 1354 2512 qua
1369 2475 1439 2504 tales
1460 2474 1525 2505 sum
1540 2475 1681 2512 reliquiae,
1703 2471 1733 2502 δε

952 2515 1050 2590 faecels-1
1058 2514 1122 2554 ipsae
1142 2515 1279 2550 divinum
1299 2514 1450 2557 quendam
1469 2515 1596 2547 odorem
1608 2514 1730 2587 Γρὶτῧῃὲῐ

1071 2566 1089 2589 2.
1694 2565 1702 2586 1
1728 2578 1733 2585 .
