2007 2771
235 104 522 171 LIBRI
575 102 701 168 1v.
772 98 1191 164 FABULA
1236 101 1526 169 xxm.
1624 130 1726 179 123

380 254 446 335 F
558 250 641 332 A
755 250 838 331 Β.
985 251 1065 333 Χ
1121 252 1201 334 X
1263 253 1295 333 I
1350 255 1483 336 ΙΙ.

317 413 857 461 FORMICA
940 414 1060 456 ET
1142 415 1538 462 MUSCA.

126 537 211 650 F
229 559 268 599 o
286 559 324 598 R
340 554 422 598 M1
444 556 480 598 c
497 554 533 597 A
579 536 650 600 &
677 532 879 597 Musca
903 539 1347 609 contendebant
1377 544 1581 604 acriter
1597 544 1621 610 ,’

230 637 377 723 Qae
413 637 592 723 pluris
620 636 770 699 esset.
821 636 1030 700 Musca
1057 639 1134 700 fic
1162 645 1351 727 coepit
1374 646 1564 728 prior:

123 739 416 804 Conferre
447 739 653 802 nostris
683 756 748 801 tu
768 756 936 826 potes
965 757 1022 802 te
1053 742 1361 806 laudibus?

122 846 251 907 Ubi
276 844 651 918 immolatur,
694 830 825 904 exta
853 842 1137 928 praegusto
1169 845 1384 917 Defim.

122 946 336 1006 Moror
365 948 517 1006 inter
543 965 661 1005 aras
681 985 697 1011 ‚
747 943 998 1027 templa,
1039 942 1317 1027 perlustro
1349 945 1550 1005 omnia
1567 967 1588 1012 ;
1746 967 1763 1005 ς

119 1047 191 1106 In
222 1051 411 1131 capite
444 1047 594 1129 regis
624 1043 832 1119 sedeO,
880 1066 1072 1129 quum
1097 1042 1291 1107 visum
1321 1044 1400 1106 est
1425 1043 1610 1114 mihi,

119 1150 199 1210 Et
226 1163 628 1211 matronarum
658 1147 811 1208 casta
831 1135 1037 1207 delibo
1066 1140 1287 1205 ostula3

118 1246 362 1308 Laboro
393 1243 569 1312 nihil,
619 1260 789 1329 atque
819 1244 1062 1328 optimis
1093 1241 1261 1303 rebus
1284 1238 1463 1301 fruor.

124 1342 292 1427 Qid
323 1341 536 1403 horum
563 1339 747 1404 fimile
772 1341 882 1403 tibi
911 1341 1236 1422 contingit,
1282 1336 1516 1401 rustica?

115 1442 218 1505 Est
244 1438 529 1525 gloriosus
562 1437 696 1504 sane
729 1441 1043 1506 convitiius
1071 1441 1301 1506 Defim,
1740 1460 1786 1488 10

1609 1540 1727 1606 Sed

575 1653 682 1686 AD
765 1650 1289 1687 FAB.xxl11‚

159 1734 185 1755 1.
208 1722 233 1754 F
242 1732 263 1754 ο
272 1727 420 1763 RMICA]
442 1723 512 1756 Vid,
530 1724 682 1756 Camerar.
697 1725 755 1756 fab.
773 1735 806 1756 21
816 1736 840 1756 1.
1027 1723 1127 1764 Oscula
1142 1723 1250 1754 libavit
1262 1711 1344 1753 nahe.

155 1765 517 1804 CONTENDEBANT]
540 1765 701 1797 Certabant
716 1768 790 1797 inter
808 1766 845 1797 se,
987 1765 1015 1797 8.
1037 1765 1210 1796 LABoRo
1234 1766 1369 1802 N1H1L]
1386 1763 1517 1796 Nullam
1536 1773 1598 1795 rem
1613 1765 1727 1805 laboro,

156 1816 184 1838 2.
207 1805 230 1836 P
239 1816 289 1838 [υ
298 1815 338 1838 R1
352 1810 387 1845 s]
411 1808 487 1847 Quae
501 1809 590 1847 pluris
604 1808 670 1839 effet
684 1809 776 1847 pretii.
946 1808 983 1838 ab
991 1808 1076 1838 omni
1093 1808 1193 1837 labore
1201 1806 1267 1836 sum
1281 1808 1378 1836 libera.
1388 1805 1502 1836 Malim
1517 1806 1727 1847 cumHeinfio,

155 1847 237 1878 Cor:
246 1857 261 1879 P
270 1858 279 1879 1
289 1849 330 1884 T]
354 1849 465 1889 Incepit
479 1851 557 1889 prior
573 1851 665 1889 loqui.
940 1848 1032 1879 Nihil
1045 1848 1134 1879 laboro
1149 1859 1157 1886 ;
1180 1848 1261 1887 quod
1283 1848 1375 1878 reddit
1396 1847 1513 1878 versum
1535 1850 1727 1880 ornatiorem.

154 1899 182 1930 4.
205 1889 218 1921 I
225 1899 250 1921 M
258 1899 312 1921 Μο
322 1900 339 1922 1.
349 1900 372 1921 Α
382 1900 401 1921 1·
411 1900 433 1922 U
443 1895 484 1929 R]
509 1890 574 1922 Ubi
595 1891 716 1922 viffima
730 1891 813 1922 moli
827 1889 899 1923 salsa
942 1890 1080 1921 Praeterea
1095 1889 1222 1929 sequitur
1237 1889 1348 1929 statim,
1371 1889 1463 1920 Nihil
1475 1888 1587 1919 labam.

113 1932 323 1973 conspergitur.
344 1933 416 1963 Hoc
431 1934 512 1963 enim
526 1933 564 1963 est
573 1957 581 1972 ‚
602 1933 757 1964 immolare.
983 1932 1014 1963 O
1024 1941 1040 1962 i>
1048 1940 1065 1962 ῑ
1077 1940 1118 1962 m
1128 1941 1137 1962 1
1146 1941 1158 1961 s
1180 1940 1200 1961 R
1210 1940 1227 1961 E
1235 1941 1252 1962 Β
1261 1940 1284 1962 U
1293 1936 1328 1971 s]
1353 1929 1573 1961 Delicatiffimis
1581 1954 1589 1968 ‚
1612 1930 1728 1962 lautiffi-

153 1971 296 2008 DEUM]
320 1973 388 2004 Diis
403 1974 508 2005 dicata.
943 1975 1010 2004 mis.
1053 1972 1144 2004 Bonae
1159 1982 1202 2003 res
1216 1972 1282 2003 sunt
1297 1997 1304 2011 ‚
1333 1981 1396 2011 quae
1416 1972 1529 2002 faciunt
1552 1972 1588 2002 ad
1610 1973 1684 2003 bene
1698 1972 1727 2003 &

153 2023 181 2053 5.
204 2014 303 2046 MoR
313 2017 384 2051 oa]
407 2015 611 2056 Commoror,
634 2017 750 2055 habim,
771 2017 851 2047 vivo.
944 2018 1022 2046 laute
1037 2015 1208 2045 vivendum.
1252 2013 1288 2044 C.
1303 2013 1409 2053 Nepos
1423 2014 1562 2055 Agesilao
1575 2037 1584 2052 ,
1606 2023 1669 2053 cap.
1684 2016 1728 2044 ul—

154 2055 280 2088 INTER
301 2067 325 2088 A
335 2058 430 2092 RAS]
454 2058 487 2088 In
509 2060 573 2089 aris.
617 2057 666 2088 Sic
686 2058 781 2089 Plaut.
796 2058 899 2089 Aulul.
944 2059 1009 2088 tim·
1054 2056 1216 2100 Qofado,
1239 2067 1304 2086 eum
1319 2056 1447 2086 Barbari
1462 2056 1547 2097 magis
1561 2058 1651 2085 etiam
1665 2067 1726 2085 con-

112 2105 144 2127 2.
160 2107 187 2135 5.
209 2097 286 2129 Inter
298 2103 376 2137 vias,
398 2099 427 2129 id
443 2100 481 2130 ess
490 2124 498 2139 ⁷
521 2102 550 2131 in
565 2102 623 2130 via.
942 2099 1096 2138 temserunt
1110 2122 1119 2136 ‚
1171 2098 1227 2128 uod
1246 2108 1310 2127 eum
1338 2097 1502 2139 ignorantia'
1527 2097 1664 2126 bonarum
1683 2107 1727 2126 re-

156 2147 183 2176 7.
204 2138 245 2169 Μ
253 2150 276 2171 Α
285 2150 305 2172 T
314 2150 335 2171 R
344 2150 364 2171 ο
373 2152 393 2172 N
402 2150 424 2171 Α
433 2151 454 2172 R
465 2152 485 2172 U
495 2151 519 2172 M
548 2150 565 2172 c
574 2152 597 2173 A
608 2150 622 2172 S
632 2152 651 2172 1·
659 2152 683 2173 A
718 2152 738 2172 o
748 2149 763 2173 S
771 2149 788 2171 C
798 2149 820 2172 U
830 2143 893 2178 LA]
942 2151 1008 2171 rum
1023 2142 1071 2170 ulla
1080 2110 1329 2181 potiffimumsum
1340 2138 1382 2180 iffi
1395 2139 1621 2169 arbitrabantur.

113 2179 280 2222 Hypanage
292 2206 301 2221 ‚
336 2192 390 2222 pro
406 2207 414 2221 ‚
449 2191 646 2214 matronarum
667 2184 805 2224 astarum
827 2184 900 2223 oscu-
983 2191 1010 2221 9.
1034 2181 1062 2211 R
1071 2191 1092 2212 u
1102 2189 1117 2211 s
1127 2191 1146 2212 1·
1156 2192 1166 2212 1
1175 2189 1191 2210 c
1201 2182 1246 2216 A]
1278 2179 1354 2219 Quae
1375 2181 1431 2210 ruri
1455 2181 1516 2221 agis
1530 2203 1539 2218 ,
1573 2179 1646 2211 dum
1669 2189 1726 2221 ego

117 2221 155 2251 la.
941 2222 1039 2253 versor
1057 2225 1087 2253 in
1101 2222 1216 2262 oppidis
1230 2220 1258 2251 &
1272 2222 1399 2261 templis.

157 2262 188 2293 O
198 2266 343 2301 SCULA]
367 2264 461 2296 Parva
480 2276 539 2297 ora.
583 2266 675 2298 Ovid.
690 2265 821 2298 Metam.
836 2267 854 2296 l.
873 2275 898 2296 1.
985 2274 1031 2295 10.
1053 2262 1131 2295 Es]-
1154 2266 1402 2302 GLORlosUS]
1425 2261 1596 2302 Respondet
1610 2262 1727 2294 Formi-

116 2304 153 2334 de
167 2303 311 2343 Daphne,

359 2345 441 2385 Videt
456 2350 519 2389 igne
531 2351 667 2379 micantes
982 2347 1009 2377 C
1017 2357 1037 2377 o
1045 2357 1065 2378 N
1074 2356 1093 2377 v
1103 2357 1112 2378 1
1121 2355 1138 2377 c
1147 2356 1167 2378 τ
1176 2356 1200 2378 υ
1208 2356 1220 2377 s
1240 2355 1264 2377 D
1272 2356 1290 2377 Ε
1300 2355 1322 2378 υ
1331 2348 1376 2383 M]
1399 2345 1560 2377 Convifft'us
1574 2345 1723 2384 usurpatur

197 2387 343 2418 Sideribus
354 2387 464 2425 fimiles
485 2389 581 2420 oculos.
609 2391 692 2421 videt
711 2391 817 2431 qfcula3
839 2400 899 2434 quae
941 2389 977 2419 de
992 2390 1100 2428 iis,qui
1114 2389 1218 2420 eadem
1231 2388 1334 2420 mensa
1349 2388 1505 2419 nobiscum
1521 2388 1619 2418 edunt.
1643 2387 1723 2416 Cum

276 2440 330 2458 non
939 2440 1009 2471 ergo
1024 2441 1079 2461 arae
1093 2431 1228 2462 dicantur
1244 2430 1352 2461 mensae
1366 2431 1509 2468 deorum,
1535 2428 1651 2468 poss'unt
1666 2428 1722 2463 ilii,

197 2468 247 2511 Est
261 2470 362 2510 vidiffe
369 2470 446 2507 satis.
939 2474 988 2511 qui
1003 2482 1037 2503 ex
1052 2474 1107 2504 illis
1121 2473 1291 2512 vescuntur,
1314 2473 1371 2504 dici
1387 2471 1441 2503 esse
1456 2470 1639 2503 convietores
1654 2468 1723 2497 deo-

117 2509 154 2542 Εἰ
170 2513 287 2552 propius
303 2511 386 2554 Virg.
404 2522 415 2543 1
435 2511 556 2544 AEneid.
939 2524 1014 2546 rum.

1041 2555 1072 2596 Q
1095 2565 1111 2586 2
1574 2561 1620 2582 11.
1642 2548 1721 2589 Qui
