2007 2771
305 84 622 146 LIBRI
693 82 1327 145 VssFABULA
1391 87 1483 144 II.
1624 111 1736 154 137

139 181 353 256 Cedo,
400 185 633 265 inquit,
687 179 883 244 illum,
929 183 1044 254 jam
1071 180 1292 240 curabo
1322 179 1562 247 sentiat,

140 284 314 361 Qos
349 279 668 340 adtentarit.
721 280 894 338 Tunc
924 280 1031 360 qui
1061 277 1537 361 depugnaverat:
1752 306 1795 329 ιο

140 378 380 441 Vellem
406 376 525 436 istis
558 375 752 438 verbis
783 375 983 436 saltem
1018 376 1320 451 adjuviffcs
1349 377 1575 444 modO,

138 476 522 538 Constantior
550 472 783 535 fuissem
805 517 819 540 ‚
863 495 998 536 Vera
1028 473 1363 536 existimans
1386 501 1398 535 :

136 578 320 637 Nunc
351 572 547 635 conde
579 570 797 633 ferrum
831 574 898 634 &
924 573 1191 656 linguam
1230 579 1438 661 pariter
1463 574 1733 647 futilem,

135 671 229 730 Ut
256 666 428 753 poffis
463 669 601 730 alios
629 673 964 752 ignorantes
993 668 1206 733 fallere.

132 771 273 850 Ego
301 769 401 851 qui
433 764 556 828 sum
586 785 857 851 expertus
876 810 892 833 ,
941 772 1172 851 quantis
1200 766 1394 852 fugias
1431 774 1685 844 viribus,
1753 801 1796 839 15

132 871 271 930 Scio
299 865 461 951 quod
489 870 690 927 virtuti
717 887 841 944 non
870 866 939 926 fit
969 866 1331 930 credendum
1355 887 1478 931 tuae.

50 1020 53 1024 ,
217 968 248 1015 ‘ll
292 965 382 1025 Illi
415 964 700 1046 adsignari
729 963 911 1024 debet
946 961 1072 1024 haec
1104 970 1385 1040 narseum,

105 1060 258 1144 „Q
283 1083 339 1123 re
366 1061 615 1123 fecunda
641 1060 807 1121 fortis
838 1059 916 1120 est
933 1101 950 1127 ,
1005 1060 1187 1123 dubia
1213 1062 1414 1146 fugax.

1525 1165 1735 1228 ΕΑΒ.

249 1283 350 1321 Rejeci
362 1284 491 1314 viridem
506 1283 547 1313 de*
555 1290 662 1324 corpore
677 1282 780 1322 vestem
788 1305 797 1320 ,
996 1281 1027 1321 Q
1037 1292 1059 1313 U
1067 1293 1077 1313 1
1099 1292 1121 1313 D
1130 1293 1148 1314 E
1158 1293 1174 1314 P
1183 1293 1205 1315 U
1214 1294 1232 1315 G
1243 1295 1263 1316 >x
1271 1295 1293 1316 A
1303 1295 1321 1315 ν
1330 1294 1349 1316 E
1357 1295 1377 1317 R
1387 1295 1409 1316 Α
1419 1296 1437 1317 1·
1456 1289 1470 1328 ]
1498 1289 1559 1329 Qui
1581 1300 1615 1321 ex
1637 1300 1737 1333 pugna

207 1324 337 1355 Brachia
356 1336 389 1354 ue
404 1325 520 1365 opposui.
954 1322 1047 1353 victor
1063 1326 1200 1355 extiterat.

168 1364 335 1396 PENULA
387 1364 473 1395 Veste
494 1365 632 1404 peculiari
657 1372 778 1401 eorum,
802 1363 850 1400 qui
868 1361 910 1392 fa·
996 1374 1042 1394 11.
1067 1364 1258 1406 VELLEM]
1272 1366 1487 1410 'Subintellige,
1509 1374 1613 1414 inquit,
1636 1373 1737 1405 Fami.

127 1406 241 1436 ciebant
257 1407 324 1444 iter‚
346 1415 379 1435 ex
394 1408 494 1443 corio,
516 1407 562 1435 vel
579 1404 683 1434 coaela
699 1406 781 1441 lana,
804 1404 909 1442 pluviis
952 1405 1031 1435 liaris
1045 1405 1167 1437 Phaedro
1181 1407 1304 1446 Ellipn's.

128 1447 275 1486 arcendis,
298 1456 368 1477 curn
384 1448 461 1486 pileo
477 1457 494 1477 a
508 1455 606 1487 tergo,
628 1445 726 1477 forma
741 1446 860 1475 cuculli.
996 1457 1007 1477 1
1016 1457 1042 1477 2.
1066 1447 1092 1478 C
1101 1457 1122 1478 o
1131 1460 1150 1479 N
1160 1458 1171 1478 s
1180 1458 1200 1480 T
1210 1458 1232 1479 A
1241 1459 1287 1480 NT
1298 1458 1336 1480 10
1345 1458 1365 1479 R
1389 1459 1405 1480 F
1416 1460 1439 1481 U
1448 1461 1456 1481 1
1466 1460 1481 1483 s
1490 1463 1501 1483 s
1511 1456 1588 1495 EM]
1631 1455 1738 1487 Multo

167 1497 193 1527 9.
217 1487 353 1529 CEDo]
375 1487 426 1519 Da
446 1490 542 1519 illum.
565 1497 591 1526 q.
615 1487 642 1517 d.
669 1486 734 1517 Ubi
749 1486 787 1516 est
803 1487 869 1517 ille?
953 1489 1113 1519 animosior
1128 1490 1258 1528 fufflem,
1281 1491 1299 1521 fi
1315 1491 1426 1522 dixisses
1443 1495 1556 1533 modo,
1579 1506 1648 1527 cum
1664 1498 1737 1528 mihi

168 1528 196 1559 C
205 1539 228 1560 U
237 1538 257 1559 R
267 1539 290 1560 A
298 1540 315 1560 B
324 1539 345 1560 ο
368 1538 406 1560 sk:
415 1540 435 1560 N
444 1539 463 1560 T
474 1539 515 1560 1A
523 1530 565 1569 T]
587 1527 635 1558 Ut
649 1527 760 1558 sentiat.
790 1527 911 1558 Curabo
954 1531 1109 1569 negotium
1123 1531 1177 1560 fuit
1192 1541 1263 1561 cum
1280 1534 1394 1561 latrone
1409 1535 1472 1563 illo.

128 1577 159 1600 ut
173 1570 274 1601 sentiat
288 1580 338 1601 me
353 1572 393 1601 nil
409 1570 510 1601 frustra
529 1570 659 1607 minari,
681 1568 709 1599 ὃ(
725 1578 783 1608 qua
803 1570 908 1598 virtute
994 1579 1005 1599 1
1014 1579 1040 1609 3.
1072 1569 1106 1599 N
1117 1581 1139 1602 U
1149 1582 1167 1602 N
1176 1578 1193 1601 c
1223 1580 1241 1601 c
1251 1582 1270 1601 o
1280 1583 1299 1602 N
1309 1581 1331 1601 D
1340 1581 1358 1602 E
1387 1582 1402 1602 F
1411 1583 1429 1604 E
1439 1583 1458 1604 R
1469 1584 1489 1604 R
1500 1586 1522 1607 υ
1531 1585 1555 1606 M
1570 1578 1584 1617 ]
1626 1577 1735 1609 Conde

129 1612 202 1649 lint,
234 1621 309 1650 quos
330 1611 473 1653 aggressus
494 1611 542 1641 est.
584 1610 698 1641 Seneca
722 1620 733 1640 1
759 1609 906 1640 Controv.
949 1610 1083 1650 gladium
1098 1620 1194 1643 tuum.
1216 1612 1411 1644 Contrarium
1417 1616 1556 1658 strmgere
1569 1620 1660 1657 paulo
1681 1629 1735 1651 an·

128 1652 172 1683 Vis
185 1653 266 1682 illum
279 1664 360 1683 veras
367 1661 461 1694 poenas
474 1653 542 1683 dure
557 1652 566 1682 ἓ
596 1653 708 1682 Sentiat
728 1662 814 1693 quam
828 1652 907 1691 inju-
950 1659 978 1681 te
992 1653 1155 1684 habuimus,

129 1697 205 1723 riam
212 1695 316 1732 fecerit
328 1695 393 1724 bono
403 1697 495 1734 patri.
531 1694 639 1723 Cicero
662 1692 706 1732 Ep
732 1702 779 1722 22.
795 1691 907 1722 libsi2
991 1692 1016 1722 F
1025 1695 1202 1735 UriLEM]
1225 1694 1308 1726 Tam
1325 1705 1403 1728 vana
1413 1697 1587 1736 jaetantem.
1631 1699 1733 1733 Refert

129 1733 169 1764 At
188 1738 277 1764 etiam
297 1735 331 1764 de
351 1742 379 1765 te
400 1738 577 1765 concionatur
591 1757 599 1771 ,
627 1745 676 1763 nec
697 1737 737 1763 im
758 1745 820 1762 une.
842 1743 910 1762 nam
949 1733 977 1763 &
993 1733 1155 1766 Schesterus
1171 1736 1206 1766 ad
1215 1738 1340 1774 ferrum.

119 1775 226 1814 sentiet
257 1787 304 1805 uos
318 1774 458 1816 laceffi’rit.
480 1775 572 1806 Ovid.
588 1777 606 1804 1.
624 1785 648 1805 1.
664 1772 730 1804 Tril
745 1775 822 1804 ium:
995 1785 1040 1816 14.
1062 1776 1102 1806 IG
1112 1779 1348 1818 NORANTES]
1377 1778 1526 1810 Homines
1541 1783 1590 1821 qui
1606 1790 1633 1813 te
1648 1785 1733 1825 igno-

209 1817 225 1848 ,Ζ
245 1828 298 1846 unc
311 1824 339 1846 te
348 1816 426 1858 prole
440 1824 492 1846 tua
497 1818 642 1861 juvenem
651 1815 808 1846 Germania
808 1815 908 1854 sentit.
950 1824 1023 1847 rant.

128 1857 258 1896 Propert.
273 1856 319 1887 El.
334 1867 359 1887 x.
376 1858 424 1887 lib.
440 1868 468 1888 2.
994 1858 1040 1888 16.
1062 1857 1154 1888 Scio
1177 1868 1290 1896 QUOD
1305 1860 1318 1899 ]
1353 1860 1443 1891 Hanc
1464 1863 1650 1896 locutionem
1664 1891 1672 1905 ‚
1695 1868 1733 1899 ab

208 1900 300 1928 Sentit
316 1898 355 1933 ἐς)
369 1900 417 1928 illa
432 1906 491 1928 tuas
498 1898 634 1939 postmodo
648 1905 730 1939 capta
745 1908 849 1927 manus.
951 1900 1014 1929 aliis
1039 1900 1243 1940 impugnatam
1259 1924 1267 1937 ‚
1297 1903 1399 1939 probat
1421 1903 1515 1934 Faber
1529 1928 1537 1942 ,
1567 1906 1594 1936 &
1609 1917 1679 1938 cum
1694 1919 1732 1939 eo

127 1939 248 1970 Terent.
264 1938 400 1970 Eunuch.
418 1950 443 1970 1.
461 1950 486 1970 1.
503 1949 550 1969 21.
952 1939 1069 1970 Voffius
1083 1965 1091 1979 ‚
1113 1941 1267 1980 Scioppius
1281 1965 1289 1980 ‚
1319 1942 1347 1972 ὅ(
1368 1944 1403 1974 ad
1426 1944 1536 1976 Sanelii
1557 1948 1733 1983 Minervam

247 1982 355 2011 Sentiet
368 1984 418 2027 qui
432 1981 572 2017 w'rstem.
951 1980 1078 2019 Jacobus
1094 1982 1273 2014 Perizonius.

128 2020 155 2051 &
170 2024 302 2061 princeps
321 2023 476 2061 poetarum
491 2021 632 2062 Virgilius
647 2019 719 2051 AEn.
735 2022 753 2050 l.
769 2029 795 2057 7.
809 2030 879 2062 433.
993 2022 1070 2053 V1R
1081 2033 1100 2053 T
1111 2033 1132 2053 U
1143 2033 1179 2054 τι
1195 2025 1209 2064 ]
1252 2024 1370 2055 Viribus
1385 2049 1393 2063 ‚
1421 2026 1584 2060 fortitudini
1600 2042 1609 2068 ;
1640 2041 1733 2070 quam

207 2064 255 2134 gli
268 2063 336 2093 dare
349 2065 514 2108 conjugium
527 2062 567 2098 ὼ)
581 2063 653 2093 didio
669 2070 770 2104 parere
777 2064 906 2101 fatetur,
949 2063 1059 2136 piraestas
1080 2064 1188 2096 scilicet
1210 2067 1240 2096 in
1260 2066 1402 2106 fugiendo
1415 2091 1423 2106 ‚
1460 2078 1522 2100 non
1543 2073 1572 2102 in
1599 2081 1733 2115 pugnan-

229 2107 327 2135 entiat.
971 2116 999 2136 O.

174 2153 220 2216 mr
249 2144 695 2218 QersssAptTENrARrr]
736 2144 848 2186 Quales
880 2144 908 2175 ἃ
994 2146 1041 2177 18.
1064 2147 1119 2178 RE
1141 2149 1348 2189 sECUNDA]
1371 2147 1520 2189 Prospera.

128 2194 208 2227 quan
223 2194 256 2216 os
271 2194 339 2228 aggr
381 2196 413 2218 us
438 2198 466 2218 ι.
