2007 2771
631 67 1403 132 INDEX

204 159 391 204 Excitari
401 193 411 212 ‚
440 166 485 206 de
502 170 709 208 venatione.
928 178 981 217 49

207 215 432 272 Exemplum
440 231 512 274 pro
518 221 667 275 fabula.
931 235 980 271 92

208 269 364 327 Exequi
373 285 442 328 pro
463 289 625 317 narrare.
935 290 955 327 7
965 287 985 325 5

210 325 250 365 E
252 340 397 377 aserere,
418 340 486 382 pro
493 336 657 384 prodere.
938 344 952 369 1
963 335 987 369 6

210 380 250 420 E
252 382 402 422 xhibere
406 383 535 435 fidem.
912 399 925 424 1
937 398 955 424 2
965 386 985 424 8

210 435 250 475 E
252 449 378 489 xrgere
394 453 527 480 aevrzm.
760 462 765 464 -
910 454 925 479 1
939 453 952 478 1
963 443 988 477 6

212 490 394 531 Exitium
402 505 424 546 j
434 507 473 532 ro
492 494 688 535 calumnia.
936 507 956 545 5
964 507 982 532 2

211 544 361 585 Exitus
369 557 439 600 pro
457 552 538 589 viis
555 549 732 589 elabendi.
938 553 987 588 16

210 599 462 658 Exornarese
480 604 611 644 alienis
621 605 772 657 plumus.
962 616 984 654 7

211 654 403 708 Expedire
412 669 484 711 pra
502 669 687 713 exponere.
849 671 872 711 7
876 673 914 709 9,
934 669 987 707 95

209 709 381 763 Expiare
397 713 496 766 quid.
935 717 983 752 62

210 764 565 822 Explicarefugam
584 767 683 822 quid.
911 780 986 808 100

210 819 405 873 Explicit,
435 833 549 863 vetus
560 823 732 876 formula.
937 825 988 874 36

209 874 432 927 Exprimere
441 881 635 931 gemitum.
911 891 926 917 1
940 891 953 916 1
965 878 985 916 8

207 928 393 969 Exterere
396 930 577 984 frontem.
937 946 956 971 2
966 944 987 981 5

209 983 418 1025 Extricare
435 986 537 1041 quid.
911 1000 927 1025 1
938 1000 955 1025 2
966 999 985 1024 2

211 1037 317 1091 Ἐχειν
334 1041 432 1095 quid.
912 1052 988 1092 140

570 1151 612 1191 F.

300 1259 483 1301 Abricare
501 1274 630 1300 naves.
914 1274 928 1300 1
938 1272 989 1299 00

325 1314 486 1363 Fabula,
504 1317 548 1355 de
565 1329 654 1355 vero
674 1311 846 1370 &falsa
880 1329 916 1364 2,
936 1327 990 1366 44

210 1370 359 1410 fabulae
377 1383 441 1408 cur
460 1370 572 1410 dietae
592 1371 801 1421 QAEfhpiae.
970 1383 984 1407 1

209 1423 482 1475 FabrtlaefiHae.
969 1437 987 1461 2

211 1478 346 1518 Facere
363 1480 581 1517 convicium
941 1480 987 1516 82

359 1543 496 1585 corpus.
939 1534 992 1569 66

360 1586 590 1625 medicinam,
942 1599 955 1624 1
964 1598 989 1633 9

358 1654 507 1680 moram.
911 1655 925 1680 1
937 1653 954 1678 2
964 1652 987 1689 7

360 1709 499 1735 nomen.
938 1708 957 1732 ,2
970 1707 984 1732 1

347 1760 492 1803 partes.
940 1762 987 1788 10

362 1814 586 1845 venaturam
605 1807 726 1845 oculis.
933 1816 987 1854 94

359 1869 464 1899 vota.
934 1872 948 1897 Ι
962 1872 982 1905 5

211 1915 341 1954 Facies
351 1915 493 1967 pulcra.
931 1916 980 1954 68

213 1968 391 2009 Falernus
407 1983 509 2009 mons
528 1967 574 2012 ὅ)
594 1983 680 2023 ager
698 1970 920 2022 Campaniae.
935 1981 982 2017 59

210 2023 394 2071 Familia,
423 2024 614 2079 deservis.
656 2038 717 2075 50,
736 2038 802 2077 73,
823 2026 887 2073 85¹,
911 2037 981 2063 122

212 2078 345 2129 Fascia
367 2082 491 2119 nivea.
911 2081 984 2129 148

212 2129 413 2188 Fastidiose
425 2144 492 2186 pro
510 2132 728 2185 difficulters
937 2137 986 2182 56

210 2186 388 2241 Fatigare
405 2188 543 2228 coelutn.
909 2201 949 2225 τι
963 2190 982 2227 8

212 2240 314 2281 Favi
334 2243 432 2296 quid.
935 2255 984 2294 77

213 2296 361 2344 Fam-or,
390 2297 434 2335 de
450 2297 764 2351 applaudentibus
911 2309 981 2346 142

214 2351 300 2392 Fax
320 2351 418 2404 quid.
938 2365 955 2398 3
969 2366 984 2390 2

214 2406 389 2446 Feliciter
400 2406 887 2460 ,acclamatjonisformula.
912 2420 925 2445 1
937 2400 988 2458 [24.

212 2460 403 2514 Αἷῗκπεβνα,
433 2460 477 2500 de
495 2474 704 2515 quocunqne
713 2461 912 2514 foramine.
940 2464 984 2502 18

1026 163 1128 205 Ferae
1146 165 1384 220 capiebantur
1400 164 1543 222 foveis.
1668 178 1732 214 22,
1752 168 1805 206 60

1027 219 1143 260 Feriae
1160 221 1269 276 quid,
1755 233 1808 271 54

1028 273 1135 316 Ferri
1153 279 1251 330 rigor
1258 286 1330 330 pro
1341 275 1458 327 ferra.
1729 288 1801 316 102

1028 328 1181 369 Ferrum
1187 344 1259 384 pro
1268 330 1416 384 gladio.
1752 342 1775 380 7
1782 344 1806 384 3*

1030 382 1145 424 Ferus
1158 413 1169 432 ,
1195 385 1239 425 de
1257 386 1389 426 brutls.
1582 397 1649 437 17,
1665 386 1730 438 38,
1750 398 1800 439 93

1030 437 1181 479 Fic‘Jilis
1200 440 1300 495 quid.
1729 444 1809 482 108

1029 492 1141 533 Fides
1149 503 1220 546 pro
1227 494 1346 545 fidem
1364 493 1487 534 dante.
1751 506 1806 547 74.

1027 546 1182 602 Fingere
1199 550 1329 602 causas
1347 549 1446 601 quid.
1779 562 1807 601 4

1027 601 1182 657 Fingere
1187 613 1260 656 pro
1278 615 1417 642 ornare.
1750 614 1803 653 40

1027 656 1156 698 Finire
1173 659 1308 698 vitam.
1729 670 1744 696 1
1757 670 1806 709 55

1028 711 1181 752 Firmus
1199 713 1245 752 de
1261 725 1331 767 quo
1348 711 1507 753 dicatur.
1730 724 1747 750 1
1758 724 1806 763 59

1029 766 1157 822 Fiscus
1173 769 1273 823 quid.
1751 778 1803 818 47

1030 821 1176 873 Fistulae
1193 837 1240 862 ex
1258 820 1385 873 offibns
1401 821 1500 874 afini.
1755 823 1806 871 89

1030 876 1234 931 Flagellum
1250 877 1400 917 lentum.
1754 881 1807 926 65

1030 931 1225 987 Flagitare
1241 931 1403 971 debitum
1413 960 1424 979 ,
1453 932 1500 971 de'
1518 938 1644 971 morte.
1730 943 1745 969 1
1757 934 1810 973 28,

1030 986 1199 1027 Flamma
1211 998 1279 1041 pro
1295 989 1379 1039 igne
1395 986 1541 1026 altaris.
1731 998 1809 1037 105

1029 1041 1170 1082 Flexus
1177 1053 1249 1096 pro
1265 1041 1490 1095 compendiis
1507 1042 1667 1081 viarum.
1753 1052 1808 1092 45

1030 1096 1174 1137 Florere
1192 1096 1291 1151 quid.
1780 1108 1808 1147 4

1033 1151 1173 1192 Fodere
1190 1161 1348 1198 terram,
1377 1150 1421 1190 de
1439 1160 1534 1203 apro,
1754 1162 1804 1201 42

1034 1206 1219 1248 Foecunda
1235 1208 1366 1247 novies
1384 1235 1395 1254 ‚
1423 1205 1468 1245 de
1487 1217 1619 1244 novem
1623 1203 1749 1258 fietus
1772 1218 1812 1244 e-

1088 1265 1192 1302 nixa.
1759 1272 1809 1310 55

1032 1316 1185 1365 Foetus,
1205 1317 1420 1371 antiquitus
1441 1328 1560 1356 onera.
1757 1328 1806 1368 23

1032 1371 1138 1418 Fors,
1156 1370 1436 1411 adverbialiter.
1760 1382 1782 1421 5
1788 1372 1813 1410 8

1033 1425 1225 1466 Fortunas
1232 1425 1442 1475 penultima
1459 1423 1576 1477 lon-ga.
1755 1436 1805 1474 41

1033 1478 1199 1518 Fortuna
1204 1489 1277 1531 pro
1295 1491 1333 1515 re
1340 1477 1546 1528 familiari.
1755 1490 1810 1528 94

1204 1543 1276 1585 pro
1294 1531 1491 1584 dignitate.
1731 1545 1746 1571 1
1759 1545 1811 1582 55

1031 1586 1202 1627 Fortunae
1211 1597 1283 1640 pro
1288 1586 1463 1639 fortuna.
1731 1600 1746 1626 1
1760 1600 1774 1625 1
1788 1600 1803 1626 1

1030 1641 1155 1681 Fovea
1173 1643 1228 1682 ad
1241 1639 1580 1694 captandasferas.
1652 1655 1671 1681 2
1682 1655 1700 1680 2
1706 1670 1721 1689 ‚
1732 1655 1746 1680 1
1759 1653 1806 1693 57

1031 1694 1221 1736 Fraudare
1237 1704 1347 1736 natos
1363 1696 1470 1736 lacte.
1757 1698 1812 1736 80>

1222 1751 1268 1802 se
1284 1751 1372 1791 cibo.
1730 1765 1745 1790 1
1758 1764 1772 1789 1
1782 1764 1808 1802 7⁴

1029 1804 1248 1846 Fraudator.
1755 1819 1773 1844 2
1785 1819 1800 1844 1

1027 1858 1186 1899 Henare
1195 1871 1266 1914 pro
1282 1859 1454 1901 cohibere.
1730 1874 1743 1899 1
1755 1874 1772 1899 2
1784 1872 1806 1909 5

1026 1912 1321 1968 Frequentativa
1338 1918 1391 1954 rei
1408 1912 1668 1965 difficultatem
1684 1916 1808 1968 expri-

1080 1979 1197 2010 munt.
1749 1981 1806 2020 44

1028 2022 1163 2073 Frons,
1182 2023 1359 2077 pabulum
1377 2022 1512 2062 bubum.
1751 2036 1805 2074 49

1028 2076 1144 2118 Frons
1150 2082 1286 2131 prima,
1750 2092 1806 2127 90

1030 2132 1170 2173 Fruere
1188 2147 1277 2186 quae
1292 2131 1442 2178 laudas,
1459 2129 1637 2183 formula.
1751 2135 1800 2173 68

1029 2186 1143 2240 Frugi·
1161 2187 1260 2241 quid.
1596 2190 1608 2195 ’
1749 2199 1803 2237 94.

1029 2240 1116 2281 Frui
1135 2256 1215 2282 cum
1231 2243 1458 2294 accusativo.
1749 2254 1800 2291 95

1030 2295 1139 2344 Fuci,
1167 2297 1213 2335 de
1232 2299 1346 2335 vanis
1363 2294 1581 2336 hominibus.
1750 2298 1804 2347 78

1032 2350 1168 2404 Egere
1184 2350 1355 2405 aliquem,
1375 2351 1475 2405 quid.
1748 2363 1800 2401 97

1031 2403 1077 2444 F,
1086 2405 1181 2445 lmen
1198 2406 1299 2458 Jovi
1310 2416 1379 2458 pro
1384 2407 1545 2458 sceptro.
1727 2417 1742 2442 1
1756 2419 1769 2443 1
1781 2417 1803 2456 3

1029 2458 1166 2500 Futilis
1174 2490 1196 2509 ,a
1214 2461 1259 2501 de
1275 2459 1434 2500 cambus.
1728 2470 1742 2496 1
1757 2472 1769 2496 1
1779 2473 1805 2509 4

1643 2513 1692 2551 G„
1714 2512 1806 2551 Gal„
