2007 2771
213 139 286 186 26
376 112 850 182 PHAEDRI
936 100 1695 171 FABULARUM

505 252 569 332 F
685 249 762 329 A
879 245 960 325 B.
1104 237 1515 323 XXII.

384 385 989 434 MUSTELA
1071 379 1199 422 ET
1283 375 1637 417 HOMO.

218 490 363 601 M
382 508 424 551 U
445 507 472 551 s
490 506 534 550 T
553 505 587 548 E
604 505 640 548 L
660 504 696 547 A
739 483 813 544 ab
840 481 1108 544 Homine
1137 472 1339 561 prensa
1356 521 1374 547 ,
1418 494 1603 558 quum
1621 472 1824 540 instan-

447 589 574 634 tem
608 590 821 631 necem

215 670 498 754 Effugere
528 667 743 733 vellet:
791 660 1017 748 quaeso,
1064 657 1254 741 inquit
1276 703 1294 729 ‚
1340 674 1540 738 parcas
1571 653 1759 723 mihi,

223 770 369 852 Qae
397 769 504 829 tibi
537 763 797 827 molestis
827 760 1089 823 muribus
1116 775 1310 843 purgo
1334 754 1607 816 domum.

216 864 553 951 Respondit
585 866 713 928 ille:
761 866 1006 928 Faceres
1035 858 1078 920 fi
1104 853 1270 919 causa
1292 878 1462 930 mea,

187 969 469 1031 5Gratum
498 967 671 1032 esset,
722 966 792 1028 &
827 958 1117 1024 dediffem
1143 956 1388 1018 veniam
1415 952 1687 1039 supplici:

219 1069 405 1130 Nunc
453 1068 592 1149 quia
636 1063 860 1123 laboras
904 1075 969 1119 ut
997 1054 1200 1116 fruaris
1229 1052 1469 1136 reliquis
1501 1095 1519 1119 ,

228 1159 373 1243 Qae
402 1159 530 1220 sunt
558 1158 769 1232 insuti,
815 1155 989 1218 simul
1019 1155 1086 1216 &
1114 1151 1270 1236 ipsos
1302 1149 1555 1211 devores
1574 1191 1592 1217 ‚

221 1259 372 1323 Noli
397 1261 687 1342 imputare
716 1275 942 1317 vanum
968 1247 1332 1313 beneficium
1363 1245 1532 1307 mihi.

226 1357 434 1438 Atque
462 1357 538 1415 ita
567 1352 825 1418 locutus,
869 1349 1209 1434 improbam
1236 1351 1355 1406 leto
1379 1345 1562 1408 dedit.

177 1457 366 1515 HOHOC
397 1455 460 1513 in
487 1449 542 1512 se
567 1449 798 1512 dietum
827 1448 1050 1512 debent
1081 1446 1162 1509 illi
1191 1442 1527 1529 agnoscere,

603 1641 709 1674 AD
773 1638 1246 1674 FABULAM
1308 1637 1472 1670 XXII.

271 1710 300 1731 ι.
321 1699 375 1730 ΑΒ
396 1699 575 1734 nomme]
599 1696 707 1738 Ignoto
729 1697 756 1727 ὅ(
772 1698 894 1727 incerto.
1053 1705 1117 1726 mas
1132 1695 1242 1725 semesa
1256 1704 1359 1725 eorum
1373 1694 1477 1733 frusta,
1499 1693 1607 1733 eosque
1621 1694 1744 1724 devores

271 1741 535 1775 INSTANTEM]
558 1736 627 1769 Lib.
644 1750 670 1770 2.
686 1738 705 1768 f.
721 1737 749 1768 8.
1094 1735 1321 1773 Rrrrqurs]
1352 1735 1518 1765 Coenarurn
1532 1759 1542 1774 ⁷
1578 1736 1676 1774 qualia
1697 1735 1837 1767 decidunt

312 1784 352 1813 Ut
365 1789 534 1813 venatorum
542 1781 654 1821 fugeret
669 1780 817 1820 instantem
832 1789 936 1809 necem.
1053 1785 1086 1805 ex
1102 1786 1177 1815 pane
1191 1776 1312 1815 aliisque
1326 1776 1396 1807 cibis
1411 1778 1573 1815 interram,
1594 1777 1783 1816 muribusque
1791 1787 1838 1807 ce-

274 1834 300 1866 3.
324 1824 420 1862 Quffi
450 1822 551 1856 Tim]
589 1820 677 1852 Ordo
692 1820 731 1850 est
746 1831 752 1850 :
783 1819 852 1862 Qae
862 1828 952 1861 purgo
966 1819 1012 1849 do·
1053 1818 1137 1848 dunt.
1158 1818 1221 1848 Alii
1244 1827 1305 1848 non
1328 1819 1487 1849 admittunt
1501 1827 1609 1848 vocem
1622 1818 1743 1860 reliquis,
1757 1819 1838 1857 quod

232 1877 312 1897 mum
326 1865 454 1894 muribus
468 1861 579 1902 molqsiir
592 1863 647 1892 tibi
656 1872 662 1892 :
694 1861 744 1892 nifi
759 1863 814 1892 tibi
828 1863 876 1891 hic
891 1868 1012 1891 ornatus
1055 1865 1156 1897 putent
1177 1859 1214 1889 fic
1235 1860 1368 1889 laborare
1388 1858 1504 1889 versum
1518 1882 1527 1897 ‚
1554 1857 1582 1887 <St
1596 1868 1649 1897 pro
1663 1868 1700 1888 eo
1714 1859 1839 1901 reliquiis

232 1906 319 1937 causa
332 1905 454 1936 addatur
468 1904 611 1942 orationi,
632 1910 664 1933 ut
677 1902 749 1941 saepe
756 1903 797 1932 fit.
811 1901 1011 1932 Ter.Phorm.
1055 1906 1213 1938 reponunt.
1240 1899 1297 1929 Sed
1318 1900 1390 1930 nihil
1404 1900 1526 1937 periculi
1541 1899 1587 1928 est.
1616 1899 1742 1941 Reliqua}
1755 1901 1838 1930 enim

233 1958 261 1987 5,
276 1946 303 1978 8,
319 1956 366 1977 21.
1055 1942 1102 1970 vel
1131 1939 1169 1969 est
1198 1939 1447 1978 quadrisyllabum
1463 1962 1472 1979 ,
1509 1942 1555 1969 vel
1583 1939 1720 1982 Relliqm's
1746 1940 1839 1979 potest

313 1989 374 2031 Qui
394 1988 437 2018 mi
449 2012 457 2026 ,
485 1987 535 2017 ubi
555 1986 595 2016 ad*
617 1995 717 2016 uxores
739 1991 861 2016 ventum
878 1984 932 2025 estw
949 1989 1013 2012 tum
1055 1981 1156 2053 gerim,
1178 1988 1209 2010 ut
1223 1982 1318 2020 prima
1333 1980 1442 2020 syllaba
1462 1981 1649 2020 producatur.
1679 1980 1757 2011 Vide
1773 1981 1843 2013 Gu-

401 2036 453 2059 unt
476 2039 548 2058 CnC'J·
1077 2032 1147 2053 mm.

235 2069 310 2101 Hor.
326 2072 345 2100 l.
361 2029 487 2111 feug.
1098 2062 1124 2093 8.
1148 2062 1386 2099 ΙΜΡυτΑΚΕ]
1415 2061 1493 2093 Noli
1514 2062 1619 2099 merare
1640 2062 1669 2093 ὅτ
1689 2064 1841 2096 venditare

318 2111 398 2154 Quid
411 2113 484 2141 mihi
499 2108 595 2148 Celsus
610 2109 693 2152 agit?
1057 2105 1138 2145 quod
1153 2106 1225 2135 mihi
1240 2115 1294 2144 pro
1309 2105 1453 2135 beneficio
1468 2104 1588 2136 dederis.

278 2150 318 2182 M
328 2161 349 2181 o
358 2161 375 2181 L
383 2160 401 2180 E
410 2160 425 2181 s
433 2160 450 2181 T
462 2162 470 2182 1
480 2153 516 2187 s]
540 2152 569 2181 A
584 2150 724 2181 molestis.
1099 2145 1129 2175 V
1137 2155 1160 2177 Α
1168 2156 1188 2177 N
1197 2155 1219 2177 U
1227 2148 1272 2182 M]
1295 2146 1389 2186 Quod
1403 2147 1487 2177 habet
1502 2146 1629 2186 speciem
1643 2148 1764 2177 exterius
1773 2170 1780 2186 ‚
1789 2146 1842 2178 sed

279 2204 307 2232 4.
331 2191 517 2222 FAcERrs
546 2193 600 2226 s1]
636 2193 667 2221 Si
696 2192 751 2222 haec
771 2198 823 2221 tua
843 2197 925 2231 opera
943 2188 1017 2219 mihi
1059 2189 1135 2219 'mtus
1155 2188 1227 2218 nihil
1242 2187 1291 2218 est.

238 2234 369 2271 daretur,
392 2241 422 2263 ut
437 2234 520 2263 habet
534 2231 721 2262 Camerarius
735 2232 791 2262 fab.
808 2241 876 2272 213.
1100 2239 1126 2270 9.
1150 2229 1295 2267 ATQUE
1319 2232 1410 2267 ιτΑ]
1434 2228 1484 2260 Sic
1499 2228 1583 2267 supra
1601 2229 1659 2260 fab.
1678 2240 1706 2260 r.

284 2285 310 2313 5.
334 2274 362 2305 G
373 2283 393 2304 R
403 2282 452 2304 AT
462 2284 483 2304 υ
492 2275 536 2307 M]
566 2274 722 2311 Acciperes
742 2283 796 2311 pro
817 2283 851 2304 ea
865 2280 957 2311 opera
974 2270 1017 2300 vi·
1139 2270 1231 2313 Atque
1245 2274 1288 2300 ita
1301 2277 1456 2311 correptum
1471 2270 1577 2300 lacerat
1588 2272 1692 2312 injusta
1705 2281 1778 2301 nece.

241 2325 326 2354 tem,
348 2316 366 2346 fi
381 2326 448 2346 mea
463 2314 549 2346 causa
564 2314 682 2344 faceres.
1100 2311 1145 2342 151
1155 2321 1199 2342 PR
1210 2321 1284 2343 OBA
1295 2315 1338 2347 M]
1368 2311 1530 2342 Crudelem
1551 2311 1579 2341 &
1594 2312 1714 2343 a'varcun
1729 2335 1737 2350 ,
1758 2318 1790 2341 ut
1804 2311 1842 2341 li-

284 2358 303 2388 S
314 2359 492 2393 Upprici]
521 2354 629 2386 Motus
650 2356 705 2384 tuis
725 2356 857 2394 precibus
871 2379 880 2395 ‚
907 2353 935 2384 &
950 2353 1020 2393 quia
1063 2361 1132 2393 quet
1146 2362 1179 2383 ex
1194 2353 1392 2393 superioribus.
1423 2353 1473 2384 Ad
1488 2354 1617 2384 eundem
1633 2353 1761 2385 modum
1775 2354 1793 2382 l.
1809 2361 1836 2382 2.

242 2398 406 2438 suppliciter
419 2408 495 2429 oras.
1064 2396 1083 2426 f
1100 2405 1125 2425 1.
1147 2394 1190 2424 Et
1203 2396 1360 2436 improbum
1374 2395 1484 2434 rejecit.

285 2441 312 2470 6.
335 2438 363 2469 L
372 2449 394 2470 A
403 2449 420 2470 Β
428 2449 449 2470 o
458 2448 477 2469 R
487 2448 510 2469 A
520 2436 555 2472 s]
580 2435 714 2468 Laboras
729 2444 893 2476 propterea,
915 2444 946 2466 ut
967 2435 1023 2465 ἃς.
1105 2434 1160 2467 Lr
1170 2444 1188 2465 τ
1197 2440 1239 2473 o]
1262 2436 1311 2466 Sic
1325 2436 1400 2466 infra
1415 2437 1433 2466 l.
1450 2445 1476 2477 3.
1491 2436 1510 2466 f.
1528 2435 1573 2466 16.

243 2483 386 2513 Laborare
406 2482 452 2511 hic
473 2480 511 2510 cst
526 2503 534 2517 ‚
569 2489 691 2517 quoquo
719 2480 812 2509 modo
833 2477 1020 2519 negotiosum
1106 2487 1144 2507 10
1174 2477 1214 2508 ΙΝ
1238 2479 1296 2512 SE]
1320 2477 1434 2507 Contra
1448 2478 1484 2507 se.
1493 2475 1561 2506 Ter.
1571 2475 1698 2513 Adelph.
1719 2474 1792 2505 Nolo
1807 2478 1838 2505 in

243 2522 315 2563 else,
337 2532 459 2562 operam
471 2522 540 2553 dare
555 2520 701 2560 capiendis
717 2522 848 2553 muribus
863 2543 872 2559 ,
893 2527 922 2551 ut
938 2519 1020 2552 absu-
1048 2519 1141 2552 ⁴illum
1144 2519 1370 2561 gravxusdtcere.
1381 2515 1794 2596 Sup.t‘ab-7.Hoc1'lli5141'i&¹571J
1795 2517 1840 2588 eg.
