2007 2771
426 68 1499 135 PRAEFATIO.

465 177 760 234 Hominumque
784 173 882 217 tec‘io
897 173 1094 232 spiritum
1118 171 1391 229 commiseris?

464 247 520 289 At
544 246 610 287 ille
623 244 800 302 supplex
815 260 827 282 .·
869 245 951 286 Vos
976 242 1083 285 modo
1098 273 1111 295 ‚
1147 241 1282 299 inquit
1298 274 1310 296 ,
1340 241 1506 301 parcite
1521 273 1532 294 ‚

466 311 678 369 Occasione
702 311 847 368 rursus
872 322 1079 369 erumpam
1104 309 1220 353 data.

466 383 650 441 Spatium
674 381 751 423 diei
780 379 896 423 noc‘lt'c
923 379 1127 438 excipiunt
1150 378 1271 421 vices.

173 450 253 501 ubi
279 452 367 498 toti
390 463 589 517 quatuor
608 445 710 494 sunt
733 442 908 502 versUS‚
947 446 1026 512 qui
1051 441 1109 490 ad
1142 442 1320 507 regulas
1357 445 1649 491 Senariorurn
1672 440 1775 491 feli-

173 517 341 570 ciffirne
365 517 466 568 sunt
489 514 730 565 elaborati.
806 516 981 560 Iterum
1006 510 1056 560 hi
1082 526 1171 560 tres
1196 509 1278 558 lib.
1306 528 1346 575 3.
1373 510 1468 561 fab.
1500 530 1571 560 10.

468 589 628 644 Adjecit
655 587 724 641 id,
763 585 872 644 quod
884 585 1094 643 sentiebat
1118 584 1291 627 maxime

469 659 703 700 Doliturum
729 654 913 708 amanti,
950 653 1158 696 ventitare
1182 652 1444 706 adulterum,

469 728 698 784 Stuproque
723 723 834 781 turpi
852 723 977 780 pollui
990 721 1157 779 famam
1181 720 1330 764 domm.

176 798 220 839 δε
249 790 413 840 eadem
433 788 527 838 fab.
555 798 604 843 κν.
631 807 703 852 25.

462 865 546 907 ‘Irae
558 863 744 920 furentis
769 861 959 919 impetum
984 873 1062 901 non
1075 857 1298 916 sustinens.

176 928 363 978 Deinde
387 926 469 976 lib.
496 946 541 989 4.
565 926 598 975 f.
629 944 674 987 4.

469 1004 503 1044 O
519 999 563 1056 st
583 1009 769 1043 maneret
793 997 946 1041 condito
961 995 1111 1055 Jenfits
1130 997 1277 1054 patri!

176 1065 293 1114 Eod.
319 1064 442 1113 libro
466 1064 559 1113 fab.
594 1083 631 1127 5.

470 1139 740 1180 Periclitatur
765 1133 997 1193 magnitudo
1016 1134 1262 1192 principum.

179 1207 281 1271 Qii
301 1221 460 1251 omnes
489 1206 554 1251 ita
574 1201 615 1250 se
636 1200 812 1249 habent
826 1237 838 1258 ,
874 1215 927 1247 ut
949 1217 1043 1246 non
1065 1199 1223 1266 paullo
1247 1197 1461 1247 meliores
1481 1194 1568 1244 sint
1591 1197 1749 1246 multis
1765 1235 1778 1257 ‚

177 1276 257 1341 qui
282 1275 330 1320 in
355 1276 528 1320 Seneca
547 1271 757 1336 Tragico
778 1271 1089 1316 inveniuntur.
1165 1265 1447 1335 Supersedeo
1469 1266 1557 1314 alia
1582 1265 1780 1327 adferre,

177 1359 279 1409 quae
301 1339 602 1389 observarunt
623 1338 934 1406 Tanaquillus
966 1334 1111 1384 Faber
1145 1341 1190 1383 &
1216 1335 1484 1384 Ludovicus
1511 1333 1778 1395 Praschius,

177 1428 378 1478 quorum
404 1410 741 1475 prolegomena
763 1408 856 1472 legi
879 1420 1129 1453 merentur.
1213 1407 1329 1452 Haec
1351 1406 1508 1451 omnia
1539 1421 1647 1452 cum
1671 1421 1780 1453 cura

176 1478 235 1526 ad
257 1481 463 1526 animum
488 1496 644 1526 meum
666 1474 865 1524 referens
891 1473 1009 1522 nihil
1030 1491 1125 1521 non
1149 1475 1350 1531 tentavi,
1386 1487 1439 1520 ut
1460 1470 1709 1520 Phaedrum
1722 1472 1780 1522 ab

177 1546 265 1595 hac
291 1550 455 1613 injuria
476 1545 789 1595 defenderem.
838 1542 988 1612 Qiod
1013 1542 1126 1590 dum
1150 1560 1266 1609 ago,
1306 1539 1569 1609 improbare
1595 1545 1780 1590 coaetus

177 1614 275 1663 sum
307 1616 481 1674 multa,
520 1633 621 1683 quae
658 1615 848 1661 maximi
881 1613 1084 1660 nominis
1119 1614 1206 1659 viri
1244 1613 1291 1658 in
1325 1610 1448 1658 illius
1486 1608 1697 1657 fraudem
1731 1612 1780 1658 in

178 1683 359 1732 chartas
387 1689 696 1752 conjecerant.
774 1681 1004 1748 Adeoque
1025 1698 1120 1727 non
1145 1695 1260 1749 puto
1285 1678 1423 1727 facile
1444 1680 1696 1747 quicquam
1709 1696 1782 1727 re-

178 1769 365 1820 pertum
388 1755 469 1811 iri,
507 1756 555 1800 in
580 1770 674 1820 quo
698 1753 826 1816 argui
848 1747 1061 1818 poffimus
1089 1749 1383 1815 negligentiae
1399 1784 1411 1805 ‚
1448 1747 1522 1795 vel
1548 1750 1784 1815 apparitu-

179 1840 281 1869 rum
303 1822 453 1869 ullum
471 1820 650 1869 versum
665 1857 676 1877 ‚
716 1823 843 1886 cujus
868 1815 1093 1866 dimenfio
1113 1835 1207 1865 non
1226 1814 1358 1885 poffit
1378 1818 1589 1863 inveniri.
1663 1818 1778 1864 Haec

177 1888 305 1949 sunt,
346 1909 447 1958 quae
471 1888 762 1958 praestitimus
781 1924 792 1945 ‚
830 1886 1056 1935 benevole
1077 1889 1275 1943 Le&or‚
1314 1887 1494 1951 rejectis
1521 1884 1619 1931 aliis
1636 1920 1647 1941 ‚
1675 1901 1776 1952 quae

179 1958 237 2005 ad
262 1957 453 2027 scopum
479 1956 685 2006 nostrum
705 1955 822 2003 nihil
847 1953 1096 2003 faciebant.
1148 1952 1339 2023 Quibus
1359 1951 1442 2002 ista
1463 1970 1558 2000 nou
1576 1950 1777 2020 proban-

181 2042 281 2083 tur,
320 2029 388 2075 illi
416 2026 457 2075 se
485 2024 669 2094 pascant
694 2025 872 2072 deliciis
895 2021 1203 2071 morofiorum
1228 2025 1498 2071 criticorum
1524 2057 1536 2080 ‚
1575 2019 1778 2070 audacis-

182 2092 311 2142 simas
339 2100 623 2161 conjecturas
648 2093 781 2141 nobis
806 2091 1160 2140 obtrudentium
1177 2129 1189 2149 ‚
1228 2097 1272 2138 &
1298 2091 1541 2139 dietatorie
1573 2107 1777 2156 pronun-

181 2166 405 2211 ciantium
430 2201 442 2221 ,
489 2170 554 2209 Ita
581 2170 663 2224 lego
691 2185 702 2207 .·
742 2169 827 2224 lege
841 2164 905 2221 sic
928 2180 1010 2207 meo
1027 2165 1208 2222 periculo
1224 2197 1235 2218 ‚
1285 2166 1330 2207 δε
1355 2177 1457 2228 quae
1490 2162 1585 2225 ejus
1618 2157 1775 2207 farinae

182 2230 281 2278 sunt
318 2233 448 2299 plura
474 2268 487 2289 ,
535 2249 621 2278 nec
655 2232 758 2278 ullis
798 2232 1080 2296 argumentis
1115 2228 1191 2278 sua
1224 2228 1348 2277 dieta
1380 2226 1773 2276 confirmantium.

179 2317 270 2365 qua
301 2301 464 2365 agendi
487 2302 664 2348 ratione
687 2299 804 2347 nihil
826 2297 891 2347 est
915 2295 1165 2347 exitiofius.
1207 2300 1363 2346 Securi
1389 2299 1546 2366 itaque
1570 2295 1683 2364 quid
1700 2299 1776 2363 ju-

180 2369 376 2416 dicaturi
407 2368 491 2415 sint
518 2370 585 2415 illi
616 2404 627 2425 ‚
666 2368 833 2435 quibus
862 2382 1052 2416 conatus
1078 2364 1218 2415 nostri
1243 2366 1437 2415 leviores
1463 2364 1773 2424 videbuntur,

181 2454 274 2485 non
301 2438 565 2485 erubuimus
590 2455 671 2484 nos
700 2454 981 2505 componere
1009 2436 1065 2484 ad
1090 2437 1357 2504 exemplum
1386 2451 1458 2485 tot
1485 2432 1775 2504 politiffimo-

1672 2521 1776 2553 rum
