2007 2771
255 100 606 159 LIBRI
682 99 762 163 V.
837 97 1321 158 FABULA
1387 100 1459 161 X.

1601 127 1709 176 151

116 198 474 284 Aliquando
508 196 772 273 objecstus
804 194 1020 280 hispidi
1051 217 1264 281 pugnae
1295 191 1407 256 suis
1427 237 1445 263 ‚

117 298 403 382 Adripuit
431 317 662 356 aurem:
710 292 810 355 sed
837 292 1068 356 cariofis
1097 294 1371 356 dentibus
1391 343 1408 368 ,

119 395 378 457 Praedam
404 393 639 454 dimisit.
686 392 807 456 Hic
838 409 966 455 tum
997 396 1270 459 Venator
1297 392 1505 454 dolens
1525 441 1542 466 ,

116 495 352 555 Canem
377 491 743 573 objurgabat.
792 495 912 552 Cui
937 492 1145 552 latrans
1176 508 1378 552 contra
1407 489 1617 552 senex:

114 593 263 652 Non
293 604 349 648 te
379 587 639 649 destituit
666 594 930 665 animuS,

232 770 376 814 Quoniam
384 771 483 813 grava}
497 772 555 813 ipsa
560 772 675 811 semela
689 772 732 812 est-

111 811 225 842 Ennius
240 812 317 851 apud
332 812 529 851 Ciceronem,
543 815 622 852 senio
637 813 775 851 conse-llus.

152 854 459 894 4-AL1QUANDO
481 855 705 895 OBJECTUS]
740 853 894 885 Commis-

109 894 155 925 sus
183 895 317 934 quodam
350 902 483 935 tempore
517 904 587 926 cum
614 895 664 926 sue
691 897 722 925 in
750 903 892 935 pugnam.

108 934 212 967 Multa
239 938 370 978 congerit
391 939 526 977 exempla
546 936 722 968 Torrentius
743 937 780 967 ad
794 937 893 967 Hora-

109 979 184 1009 tium
204 977 300 1018 Epod.
322 979 371 1009 lib.
392 979 441 1010 od.
463 989 491 1010 2.
513 988 574 1018 quo
594 980 697 1018 probet
711 1001 720 1017 ⁷
749 979 797 1008 ubi
812 978 849 1008 de
862 987 893 1008 re

109 1020 243 1050 venatica
258 1019 355 1050 sermo
370 1020 408 1050 est
421 1043 430 1058 ,
465 1031 545 1050 canes
559 1021 719 1050 foeminino
734 1029 839 1061 genere
859 1029 893 1049 u-

107 1059 226 1100 surpari.
248 1060 367 1091 Fatetur
382 1070 484 1092 tamen
499 1062 574 1092 hauc
582 1061 819 1093 observationem
828 1071 890 1092 non

108 1102 163 1132 effe
176 1110 355 1141 perpetuam.
390 1103 473 1134 Patet
494 1110 570 1133 certe
584 1105 673 1134 etiam
690 1112 722 1133 ex
741 1105 798 1134 hoc
812 1103 891 1133 Phae-

107 1143 149 1174 dri
167 1146 245 1174 loco.
289 1143 372 1182 Quin
388 1145 415 1174 ἃ
429 1154 463 1174 ex
478 1143 643 1175 Columell.
659 1152 686 1182 7.
704 1155 750 1175 12.
779 1144 891 1174 Pecua-

107 1188 163 1215 νίας
176 1186 249 1216 cam&
262 1196 349 1227 neque
363 1186 561 1227 tamstrigosus
575 1185 615 1220 ξεῖ
622 1185 786 1227 pernixff
801 1186 890 1224 debet,

108 1238 194 1268 quam
209 1229 259 1268 qui
278 1227 373 1257 damas
394 1228 543 1269 cervosque
557 1226 597 1262 {5²
617 1226 786 1267 velociffima
798 1226 891 1267 sella-

105 1274 155 1297 tur
169 1266 319 1298 animalia.

147 1308 447 1350 Hisp1D1]Setofi
463 1310 533 1348 apri.

149 1349 399 1388 5.CAR10818
426 1348 888 1390 Denrrssus]1nvalidis}am

107 1390 134 1421 ἂ
148 1392 225 1422 carie
239 1391 336 1422 adesis.

147 1433 176 1463 6.
199 1431 404 1463 VENAroR
426 1432 602 1472 DOLENS]
624 1429 754 1463 Praedam
766 1431 888 1470 jamca-

106 1481 187 1513 ptam
202 1473 238 1504 fic
253 1473 302 1504 fibi
317 1475 424 1505 iterum
437 1497 446 1513 ,
474 1480 618 1513 tanquam
639 1474 745 1504 bolum
767 1482 783 1502 e
797 1473 889 1504 fauci-

106 1517 173 1554 bus,
194 1516 275 1554 eripi.

148 1565 173 1595 7.
196 1555 398 1587 LATRANS
426 1563 591 1587 CONTRA
619 1564 739 1587 senex
753 1556 773 1596 ]
810 1555 896 1587 Non.

105 1598 306 1628 dubitavimus
326 1599 366 1627 ita
386 1596 531 1627 restituere
551 1598 630 1627 hunc
651 1597 769 1627 versum
790 1597 887 1627 haele-

104 1649 158 1669 nus
174 1646 345 1678 corruptum
367 1648 374 1669 :
401 1640 536 1669 hortante
551 1639 713 1678 imprimis,
735 1638 783 1668 cui
799 1640 888 1677 pluri-

103 1690 191 1712 mum
206 1682 236 1710 in
252 1682 294 1710 his
309 1680 406 1710 studiis
427 1681 582 1710 tribuimus
597 1703 606 1718 ‚
633 1679 710 1718 Jano
730 1679 886 1710 Broukhu-

104 1722 155 1752 fio.
198 1721 298 1752 Prima
318 1723 347 1752 in
369 1720 474 1752 latrare
495 1731 512 1752 a
532 1723 652 1752 nemine
667 1729 815 1760 veterum,
837 1723 886 1760 qui

104 1764 229 1802 alicujus
256 1762 323 1793 effer
349 1762 528 1793 auetoritatis
542 1787 551 1801 ,
585 1773 733 1801 umquam
754 1771 888 1802 correpta

105 1804 153 1834 est.
196 1804 287 1836 Adeo
308 1811 339 1835 ut
361 1813 432 1835 cum
453 1806 516 1835 aliis
542 1806 679 1835 erraverit
699 1803 888 1845 Guntherus,

105 1846 179 1876 dum
192 1846 342 1885 scriberet,

186 1886 329 1918 Portavit
346 1886 467 1929 scapula
487 1887 579 1930 paffus
593 1885 661 1928 plus
680 1887 756 1917 mille
777 1886 886 1918 latran-

263 1936 330 1961 tem.

103 1969 196 2010 Quod
212 1979 274 2000 non
289 1971 360 2001 vidit
375 1979 445 2000 eum
460 1969 584 1999 laudans
598 1968 819 2008 Rittershufius,
834 1972 883 2010 qui

103 2019 205 2043 tamen
225 2011 380 2042 Phaedrum
408 2013 508 2042 nimiae
535 2012 720 2052 negligentia:
738 2012 768 2041 in
790 2012 887 2042 obser-

104 2054 208 2084 vandis
229 2053 313 2092 hujus
342 2054 482 2084 carminis
510 2054 622 2094 legibus
645 2052 770 2084 accusat.
814 2053 886 2084 Vid.

103 2094 186 2124 Voss
207 2095 244 2125 de
264 2095 338 2125 Arte
360 2095 500 2126 Gramm.
523 2096 541 2125 l.
558 2104 586 2125 2.
615 2105 643 2134 p.
666 2103 714 2134 75.
742 2096 791 2125 ubi
809 2096 887 2126 hunc

105 2135 216 2166 Phaedri
231 2136 347 2167 versum
365 2137 523 2175 improbat.
545 2135 669 2167 Ultima
683 2137 764 2167 enim
779 2138 888 2169 horum

104 2177 240 2208 versuum
257 2177 335 2208 sedes
349 2178 507 2209 necessario
520 2180 620 2218 recipit
635 2178 784 2209 iambum.
806 2179 889 2210 Hine

105 2218 285 2249 doctissimus
312 2218 446 2250 Barthius
460 2221 568 2250 merito
589 2222 618 2250 in
633 2219 786 2251 Perottum
809 2222 889 2251 inve-

105 2261 190 2297 hitur,
204 2260 253 2298 qui
269 2266 331 2290 tam
350 2260 486 2291 indocms
501 2261 586 2292 fuerit
599 2262 736 2300 poeseos,
758 2269 789 2292 ut
797 2264 888 2294 etiam

106 2303 215 2331 ultimo
232 2300 334 2331 senarii
358 2302 423 2340 pedi
436 2302 608 2340 spondaeum
629 2303 803 2342 apposuerit.
827 2304 888 2335 Ac-

103 2344 231 2373 curatius
246 2344 301 2373 hac
316 2352 391 2372 voce
406 2343 444 2373 est
459 2343 524 2373 usus
539 2344 665 2382 jacobus
673 2345 887 2386 Summanus,

103 2394 194 2424 quem
210 2394 271 2414 non
287 2392 400 2416 veretur
415 2383 590 2416 Ludovicus
603 2386 639 2416 de
653 2388 681 2416 la
694 2386 807 2425 Cerda,
829 2390 887 2419 ele-

103 2435 174 2498 ᾗιιης
197 2427 384 2468 ingeniorum
407 2426 548 2466 speetator
562 2451 570 2465 ‚
599 2435 775 2468 anteponere
791 2428 886 2462 Statio

128 2470 237 2509 apinio.
259 2468 373 2499 Sicilie
387 2468 485 2509 Epigr.
500 2470 547 2499 lib.
567 2480 588 2500 1.
610 2479 655 2509 19.

185 2510 263 2542 Cum
272 2519 357 2554 prope
370 2511 506 2542 latrantes
513 2511 597 2552 sctgfit
612 2511 695 2553 adeffe
709 2523 797 2544 canes,

980 589 1078 650 sed
1107 592 1258 651 vires
1284 607 1443 650 meae.

1532 671 1719 758 Qod

934 771 973 802 Et
986 772 1035 803 lib.
1051 782 1078 803 2.
1094 772 1144 813 46.

1014 814 1098 859 Quod
1108 813 1190 843 noclu
1202 812 1301 851 latras,
1322 812 1396 855 quod
1399 811 1476 850 sellas
1490 811 1580 848 offan}
1594 823 1675 842 unus.

934 853 990 884 Par
1004 857 1078 885 ratio
1095 854 1133 884 est
1153 856 1183 884 in
1201 857 1326 894 migrare
1339 876 1347 892 ‚
1376 854 1406 883 in
1422 862 1481 891 qua
1502 862 1577 882 voce
1591 855 1719 891 primam

934 898 1014 926 male
1028 897 1167 935 corripuit
1193 894 1351 926 Manilius,
1395 892 1432 923 Et
1452 894 1558 925 eadem
1579 903 1667 933 poene
1687 897 1719 926 in

932 937 1061 978 Nigrare
1081 960 1090 976 ,
1124 938 1207 976 cujus
1234 937 1329 975 prima
1348 959 1357 975 ,
1392 943 1422 966 ut
1452 937 1526 966 bene
1552 936 1717 966 observavit

933 977 1154 1010 Taubmannus
1170 1003 1178 1018 ‚
1207 988 1225 1009 a
1248 977 1376 1018 Virgilio
1402 977 1516 1016 semper
1537 977 1720 1018 extenditur,

934 1028 1056 1059 excepto
1071 1030 1132 1051 uno
1148 1023 1218 1051 loco
1233 1021 1262 1050 in
1278 1021 1326 1050 lib.
1342 1028 1417 1049 VIII
1435 1018 1559 1049 AEneid.

1014 1062 1145 1092 Credunt
1159 1063 1190 1101 J}
1211 1061 1279 1092 vidi
1297 1073 1311 1091 e
1334 1061 1441 1100 Jovem
1455 1084 1465 1100 ‚
1500 1071 1564 1091 cum
1577 1061 1651 1102 saepe
1672 1063 1718 1091 m'·

1088 1111 1230 1144 grantem-

933 1141 1036 1182 Itaque
1049 1154 1079 1174 re
1094 1147 1167 1175 bene
1184 1142 1323 1183 perpensa
1344 1149 1417 1182 puto
1436 1143 1510 1173 nihil
1523 1143 1630 1174 melius
1645 1142 1716 1183 effe,

934 1194 1025 1223 quam
1040 1187 1117 1216 hanc
1139 1187 1169 1216 in
1190 1185 1312 1216 Phaedro
1327 1184 1570 1215 emendationem
1584 1185 1718 1223 admitti,

933 1228 1186 1268 urgente-etiam,
1221 1234 1252 1258 ut
1272 1227 1344 1256 mihi
1366 1225 1502 1265 videtur,
1538 1225 1600 1264 ipso
1623 1226 1716 1256 sensu,

933 1267 1022 1299 Nam
1034 1269 1126 1307 senex
1146 1276 1241 1299 contra
1263 1267 1371 1297 latrans
1391 1267 1506 1297 videtur
1527 1267 1582 1297 effe
1596 1291 1604 1306 ‚
1624 1268 1716 1306 senex

933 1317 1028 1340 contra
1042 1310 1179 1351 respondit
1194 1309 1318 1347 latrans,
1340 1308 1370 1338 id
1385 1308 1438 1347 est,
1460 1308 1597 1339 latrando.
1621 1308 1718 1340 Unde

932 1352 1003 1381 nihil
1025 1352 1167 1390 periculi,
1202 1351 1221 1381 si
1243 1351 1332 1380 verba
1353 1351 1393 1379 ita
1416 1373 1424 1388 ,
1458 1357 1489 1379 ut
1517 1351 1694 1380 monuimus
1708 1374 1718 1388 ,

931 1392 1167 1431 transponantur.
1210 1393 1336 1423 Latrans
1356 1398 1451 1421 contra
1464 1391 1555 1430 senex
1574 1392 1717 1433 fignificat

931 1434 1018 1473 igitur
1033 1457 1041 1471 ,
1074 1433 1166 1464 Canis
1188 1440 1292 1464 contra
1318 1432 1403 1462 senex
1425 1431 1453 1462 &
1474 1441 1610 1473 gravatus
1633 1435 1717 1464 annis

931 1475 1059 1506 domino
1073 1475 1126 1505 suo
1142 1476 1198 1506 hoc
1213 1474 1300 1514 paeto
1315 1473 1472 1512 respondit.
1514 1475 1641 1505 Latram
1654 1499 1662 1514 ,
1686 1482 1717 1505 ut

927 1516 992 1554 jam
1009 1524 1076 1547 ante
1090 1518 1282 1554 monuimus,
1303 1517 1422 1554 ponitur
1437 1525 1490 1554 pro
1512 1516 1662 1555 latratum,
1683 1524 1716 1547 ut

931 1569 1030 1587 amans
1044 1558 1121 1596 apud
1134 1557 1314 1588 Terentium
1327 1556 1355 1585 &
1370 1555 1519 1586 Ovidium
1541 1566 1594 1596 pro
1608 1566 1717 1587 amato*

931 1609 985 1636 re;
1013 1598 1161 1629 stledentes
1188 1608 1241 1637 pro
1269 1597 1386 1627 medicis
1414 1597 1490 1636 apud
1519 1596 1716 1637 Lucretium;

928 1640 1073 1670 Hinm'em
1087 1649 1140 1679 pro
1161 1651 1226 1682 equo
1248 1639 1325 1677 apud
1340 1638 1504 1677 Apulejum
1519 1649 1528 1676 3
1548 1638 1715 1679 lllugientes

929 1690 982 1720 pro
996 1682 1084 1712 bubus
1099 1681 1175 1721 apud
1198 1681 1360 1711 Horatium
1376 1691 1384 1717 ;
1412 1681 1539 1721 Laniger
1552 1690 1672 1720 quoque
1686 1692 1716 1711 a—

929 1723 987 1761 pud
1003 1723 1135 1754 nostrum
1158 1732 1211 1761 pro
1232 1732 1300 1763 agno
1317 1732 1325 1759 3
1353 1721 1380 1751 &
1395 1721 1549 1752 Auritulus
1564 1732 1617 1761 pro
1630 1723 1712 1761 astno.

929 1764 1021 1802 Quod
1039 1773 1138 1795 tamen
1158 1764 1348 1801 summopere
1368 1764 1461 1793 miror
1483 1773 1544 1793 non
1567 1764 1681 1794 admitti
1697 1774 1715 1795 a

929 1805 1097 1836 doctissimo
1112 1805 1244 1835 Cellario
1258 1828 1265 1841 ,
1288 1804 1428 1835 statuente
1449 1814 1520 1835 cum
1535 1804 1714 1846 Gebhardo‚

928 1846 1009 1877 dicto
1032 1849 1100 1878 loco
1121 1848 1234 1877 retineri
1257 1846 1361 1876 debere
1382 1845 1521 1875 auriculas
1535 1855 1588 1884 pro
1602 1851 1715 1877 auritu—

927 1887 979 1917 lus.
1001 1887 1079 1920 Vide
1094 1898 1164 1919 eum
1179 1890 1208 1919 in
1227 1887 1384 1918 Thesauro
1405 1886 1493 1917 Fabri
1515 1889 1546 1918 in
1562 1898 1638 1919 voce
1651 1888 1714 1919 Au-

926 1930 1028 1960 ricula.

968 1970 996 2001 8.
1018 1970 1111 2002 Non
1133 1980 1179 2003 TE
1200 1979 1424 2005 nesrrruir
1447 1970 1714 2010 AN1MUS]Ani-

928 2021 994 2042 mus
1009 2022 1093 2044 meus
1108 2024 1169 2044 non
1186 2012 1310 2043 destituit
1326 2020 1438 2050 temon
1454 2013 1538 2049 fallit,
1547 2022 1608 2042 non
1619 2012 1714 2042 facere

927 2056 1064 2095 negligit,
1080 2063 1129 2086 aut
1143 2062 1224 2085 curat
1239 2054 1319 2092 quod
1335 2055 1472 2092 imperas.
1494 2053 1548 2084 Vir
1563 2054 1714 2084 celeberri-

928 2106 995 2127 mus
1009 2098 1140 2137 mihique
1155 2094 1345 2127 amiciffimus
1360 2094 1460 2125 Petrus
1475 2094 1616 2125 Francius
1631 2118 1639 2133 ,
1668 2104 1713 2126 re-

930 2140 1058 2177 ponebat
1071 2162 1079 2177 ,
1108 2138 1177 2168 Non
1199 2148 1243 2167 me
1263 2137 1387 2177 destituit
1399 2140 1532 2174 animu53
1552 2137 1633 2176 quod
1648 2146 1710 2168 non

931 2180 1071 2219 displicet.
1099 2179 1190 2218 Apud
1212 2178 1373 2218 Virgilium
1396 2179 1445 2208 lib.
1467 2187 1482 2215 5
1504 2177 1616 2208 AEneid
1643 2187 1711 2218 394.

930 2221 967 2252 fic
987 2221 1046 2252 fere
1068 2221 1180 2251 Acestae
1200 2243 1209 2258 ,
1246 2229 1261 2249 a
1278 2229 1339 2258 quo
1354 2219 1437 2250 die'tis
1454 2218 1659 2259 castigabatur,
1682 2220 1710 2250 δε

931 2263 1134 2302 impellebatur
1163 2263 1199 2293 ad
1227 2270 1359 2302 pugnam
1379 2285 1387 2301 ,
1429 2261 1582 2300 respondet
1610 2259 1713 2291 Entel-

930 2306 990 2336 lus:

1132 2345 1201 2376 Non
1215 2346 1302 2376 laudis
1316 2356 1410 2383 amor,
1430 2356 1479 2374 nec
1490 2343 1581 2385 gloria
1596 2343 1669 2382 ccffit

1009 2386 1099 2427 Pulsa
1120 2395 1198 2417 metu
1213 2401 1223 2419 .·
1237 2388 1292 2427 sed
1309 2390 1386 2416 enim
1403 2386 1512 2428 gelidus
1526 2386 1657 2416 tardante
1663 2384 1710 2423 st*

1088 2429 1169 2459 nesta

1008 2471 1123 2514 Sanguis
1138 2472 1216 2503 hehet
1232 2496 1240 2513 ,
1261 2473 1425 2514 frigentque
1445 2468 1542 2511 cffcetae
1555 2472 1586 2498 in
1600 2474 1708 2508 corpore

1090 2516 1179 2545 vires.

1535 2559 1561 2589 9.
1584 2548 1615 2587 Q
1622 2557 1644 2579 u
1654 2556 1674 2578 0
1682 2556 1707 2578 D
