2007 2771
263 98 344 148 70
431 71 912 140 PHAEDRI
995 69 1756 135 FABULARUM

665 222 1122 303 FAB.

1288 221 1475 304 IX.

471 371 1017 417 SOCRATES
1082 371 1198 412 AD
1264 372 1672 414 AMICOS.

403 501 495 544 UL
513 500 604 542 GA
622 503 660 540 R
682 498 717 540 Ε
760 480 936 539 amici
965 497 1187 552 nomen
1206 516 1226 544 2
1273 474 1375 538 sed
1413 499 1533 539 rara
1563 476 1642 539 est
1670 474 1834 539 fides,

446 580 475 630 ll
531 575 740 668 Qum
755 595 962 659 parvas
981 573 1130 636 aedes
1147 575 1256 637 fibi
1272 573 1562 638 fundasset
1583 579 1839 638 Socrates
1860 575 1883 651 ,’

266 681 474 758 (Cujus
507 698 628 738 non
658 672 832 757 fugio
858 691 1149 744 mortem,
1193 673 1237 736 fi
1264 674 1492 737 famam
1518 675 1833 762 adsequar,

263 782 345 840 Et
375 775 528 839 cedo
560 774 828 842 invidiae,
875 774 1024 837 dum
1049 775 1243 839 modo
1270 775 1534 840 absolvar
1561 780 1758 857 cinis.)

232 884 318 945 5E
349 881 575 965 populo
605 877 681 940 fic
715 877 915 940 nescio
950 883 1114 964 quiS,
1159 894 1226 940 ut
1257 877 1384 940 fieri
1416 877 1593 940 solet:

272 979 487 1064 Qaeso
515 997 640 1042 tam
668 978 970 1062 angustam
999 980 1127 1041 talis
1157 982 1247 1044 vir
1277 983 1450 1064 ponis
1481 979 1773 1042 domum?

265 1083 549 1157 Utinam,
594 1082 822 1164 inquit>
860 1082 1013 1143 veris
1045 1079 1198 1143 hanc
1224 1083 1427 1141 amicis
1456 1080 1771 1165 impleam!

823 1275 928 1306 AD

313 1345 339 1366 1.
362 1334 392 1365 V
403 1343 425 1366 U
436 1343 453 1364 L
462 1341 481 1364 G
492 1342 515 1363 Α
524 1341 544 1363 R
554 1334 593 1370 E]
617 1331 756 1373 Vulgaris
778 1341 821 1362 res
843 1331 882 1361 est
903 1332 1007 1362 habere
1029 1343 1058 1364 a-

268 1378 401 1413 micum,
423 1375 472 1406 sed
488 1373 628 1405 rariffima
643 1375 773 1404 invenire
787 1373 917 1403 fidelem.

312 1429 340 1449 2.
364 1417 514 1457 QUUM]
538 1415 612 1446 Haec
635 1414 753 1446 historia
775 1413 814 1444 est
827 1438 835 1454 ,
863 1423 927 1445 non
941 1414 1058 1453 fabula3

268 1467 300 1490 ut
315 1459 344 1489 ἂ
357 1459 479 1498 sequens
494 1458 632 1488 narratio.

310 1501 416 1536 8131]
440 1499 517 1530 Suos
531 1498 559 1528 ἂ
574 1499 703 1536 privatos
718 1498 747 1528 in
763 1498 838 1528 usus.

311 1542 332 1573 S
341 1552 360 1572 o
368 1550 385 1571 c
395 1550 415 1571 R
425 1550 449 1570 A
457 1550 477 1570 T
485 1549 503 1570 E
512 1541 548 1576 s]
572 1538 766 1578 Philosophus
781 1539 964 1569 Atheniensis
973 1562 981 1578 ,
995 1548 1059 1570 ma-

269 1585 320 1625 gni
336 1583 478 1613 nominis.

314 1634 340 1666 3.
363 1623 457 1654 Non
479 1630 528 1653 FU
538 1630 556 1652 G
567 1632 576 1653 1
586 1622 629 1657 o]
652 1619 730 1651 Non
751 1620 854 1652 recuso
868 1621 963 1652 subire
975 1631 1056 1653 mor-

269 1672 331 1697 tem
345 1665 490 1703 Socratis‚
513 1665 562 1703 qui
578 1662 677 1694 hausta
691 1664 788 1693 cicuta
802 1664 894 1702 periit.

310 1719 338 1749 4,
362 1707 415 1738 ET
439 1714 545 1738 ceno
568 1709 755 1743 1NV1D1AE]
779 1704 880 1735 Facile
894 1705 990 1744 patior
1006 1714 1056 1736 me

268 1750 501 1787 circumveniri,
529 1746 557 1777 &
578 1748 624 1777 vel
646 1746 782 1777 damnari
805 1753 893 1785 atque
908 1746 1006 1777 occidi
1020 1747 1056 1777 ab

270 1791 394 1830 invidis,
416 1797 447 1821 ut
462 1792 526 1828 ille,
548 1788 622 1819 dum
637 1788 733 1819 modo
747 1787 810 1827 post
831 1795 963 1819 mortem
980 1788 1059 1827 judi-

269 1842 319 1863 cer
333 1835 477 1864 innocens
490 1829 581 1862 fuisse.
617 1829 737 1860 Invidia
750 1830 798 1860 hic
813 1828 851 1860 ess
866 1840 920 1869 pro
934 1830 1058 1869 invidis,

271 1881 304 1906 ut
318 1873 393 1914 Epil.
410 1876 428 1905 l.
445 1884 474 1905 2.
489 1873 600 1911 Livor,
622 1881 675 1911 pro
693 1871 803 1910 lividis,

352 1917 386 1947 Si
400 1917 496 1947 Livor
510 1914 664 1945 obtrectare
677 1924 776 1943 curam
790 1912 924 1943 voluerit.

1011 1277 1187 1308 FAB.

1671 1181 1882 1245 FAB.

1271 1276 1355 1307 IX.

1181 1331 1285 1370 Nescio
1298 1333 1357 1374 quii
1369 1339 1477 1362 teneros
1490 1332 1578 1363 oculus
1585 1334 1660 1365 mihi
1664 1335 1791 1374 fascinat
1797 1346 1887 1378 agnos.

1142 1372 1209 1403 Ur
1239 1381 1351 1404 FlERI
1379 1376 1537 1410 SOLET]
1574 1373 1651 1405 Inter
1671 1376 1888 1409 aedificandum.

1102 1412 1190 1445 Nam
1204 1413 1240 1444 de
1255 1414 1394 1444 struetura
1415 1423 1494 1444 nova
1508 1415 1630 1453 quilibet
1650 1418 1711 1446 vult
1732 1417 1806 1447 ferre
1821 1428 1888 1449 cen-

1100 1454 1209 1486 suram.
1253 1454 1410 1497 Belgicum
1424 1456 1614 1495 proverbium
1630 1456 1683 1496 est,
1704 1457 1889 1491 Dieaanden

1101 1507 1165 1538 weg
1179 1499 1325 1537 timmert‚
1344 1497 1418 1535 heeft
1433 1496 1499 1527 veel
1509 1498 1628 1528 bereche.

1142 1539 1170 1568 6.
1199 1536 1297 1568 TAM
1325 1540 1583 1576 ANGUSTAM]
1626 1538 1712 1572 Tam
1745 1550 1886 1582 parvam,

1101 1584 1165 1609 tam
1180 1579 1327 1620 exiguam.

1141 1619 1297 1656 TALis]
1319 1620 1353 1651 In
1368 1621 1489 1653 laudem
1510 1620 1640 1654 Socratis
1662 1623 1768 1654 dicitur
1781 1648 1790 1664 ,
1813 1633 1842 1664 q.
1856 1625 1884 1656 d.

1098 1661 1150 1733 ξίν
1168 1669 1255 1693 tantae
1276 1663 1395 1693 virtum
1417 1662 1456 1697 ἰῇ)
1469 1664 1568 1702 famae.
1610 1663 1683 1696 Ter.
1705 1663 1782 1696 Eun.
1806 1676 1832 1697 1.
1856 1676 1884 1698 2..

1119 1712 1147 1733 0.

1341 1744 1385 1775 Et
1398 1745 1479 1786 istam
1493 1757 1568 1776 nunc
1580 1749 1665 1778 times

1099 1785 1171 1830 Quae
1191 1786 1312 1817 abdufft'a
1332 1787 1384 1827 est,
1405 1799 1438 1817 ne
1452 1788 1533 1818 illum
1547 1787 1635 1819 talem
1647 1792 1799 1832 praertpiat
1818 1792 1882 1822 tibi.

1100 1829 1135 1859 C.
1152 1827 1259 1867 Nepos
1279 1827 1436 1859 Alcibiade
1458 1828 1486 1858 6.
1515 1828 1614 1872 ltaque
1627 1829 1667 1865 ἐς)
1681 1831 1786 1861 Sicilia»
1797 1833 1882 1871 amis-

1091 1871 1160 1909 sum
1176 1869 1215 1904 Q?
1229 1869 1505 1899 Lacedaemoniorum
1519 1871 1651 1900 melariae
1664 1871 1816 1911 cuspaesuae
1828 1876 1882 1902 tri—

1100 1911 1238 1948 latebant,
1263 1910 1337 1952 quod
1352 1910 1439 1939 talem
1460 1913 1563 1940 virum
1584 1923 1599 1940 e
1617 1914 1740 1941 civitate
1759 1913 1883 1954 expulis-

314 1957 455 1995 C1N1s]
477 1955 638 1995 Postquam
659 1955 733 1984 cinis
754 1953 848 1984 sacius
868 1954 973 1984 fuero:
997 1952 1060 1992 post
1093 1953 1167 1991 sent.
1190 1951 1257 1981 Cic.
1276 1950 1364 1990 Epist.
1384 1950 1469 1981 Fam.
1492 1953 1509 1981 l.
1528 1953 1574 1982 16.
1591 1962 1638 1982 21.
1664 1953 1701 1983 ad
1715 1951 1882 1994 Tironem,

274 2005 405 2030 mortem
420 2008 532 2029 meam.
568 1995 686 2027 Alludit
701 1995 737 2026 ad
752 2005 871 2026 morem
886 1996 1059 2033 antiquum,

275 2049 338 2078 quo
352 2040 494 2070 cadavera
508 2048 582 2080 rogo
600 2036 706 2075 injeela
720 2038 750 2067 in
767 2038 878 2068 cineres
891 2037 1061 2078 redigeban-

276 2088 331 2111 tur.
354 2079 446 2110 Ovid.
463 2090 480 2110 2,
497 2080 607 2110 Amor.

353 2122 478 2163 Jamque
493 2122 559 2151 cinis
573 2120 653 2151 vivi}
660 2121 798 2158 fratribus
811 2120 916 2151 Hedor
929 2126 999 2150 erat.

278 2161 349 2193 Vid.
368 2162 565 2192 lx'ircliinann.
580 2162 616 2191 de
631 2160 768 2192 Funerib.
783 2164 800 2192 1,
819 2171 843 2192 1.
859 2171 885 2191 c.
902 2172 928 2192 1.

320 2212 349 2241 5.
372 2202 397 2232 E
420 2212 577 2233 POPULO
600 2210 655 2232 εις
678 2211 821 2233 Νεεειο
843 2203 957 2241 Quis]
986 2201 1060 2232 For-

278 2247 362 2275 mula
378 2246 565 2283 loquentium
579 2243 614 2273 de
630 2244 746 2284 ignotis.
769 2245 833 2274 Cic.
850 2245 886 2275 de
900 2244 1059 2283 Amicitia,

280 2286 402 2329 Qualem
411 2285 493 2326 fitiffi²
503 2285 615 2315 Atheni}
629 2285 777 2314 Tamonem
789 2286 876 2325 nescio
888 2297 970 2330 quem
985 2297 1061 2317 acce-

272 2332 375 2369 pimus.
397 2327 526 2357 Ovidius
540 2327 626 2363 dixit,
652 2336 661 2355 1
681 2324 769 2356 Trist.

360 2370 391 2399 Si
406 2369 464 2411 qm&
477 2376 509 2399 ut
523 2371 554 2398 in
560 2366 669 2409 popula

280 2409 364 2452 Virg.
379 2409 484 2452 Eclog.
500 2421 526 2451 3,

1102 1993 1198 2037 Qnare
1212 1993 1248 2022 da
1262 2000 1428 2034 operam‚ut
1436 1993 1509 2023 hunc
1521 1993 1693 2033 talem‚tam
1699 1995 1881 2038 jucundum,

1102 2042 1164 2064 tam
1178 2033 1360 2064 excellentem
1374 2037 1476 2075 viram
1490 2035 1596 2065 videm.
1627 2035 1711 2065 Sulla
1726 2037 1802 2075 apud
1818 2037 1881 2068 Sal-

1104 2075 1222 2106 lustium
1237 2076 1265 2106 in
1281 2075 1368 2106 Bello
1381 2074 1446 2116 Jug.
1469 2075 1505 2106 ad
1520 2074 1657 2107 Bochum
1666 2075 1800 2119 Regem:
1815 2079 1881 2110 Rex

1102 2117 1225 2155 Bocche,
1248 2127 1351 2158 magna
1370 2116 1472 2147 laetttia
1493 2118 1564 2148 nobi}
1582 2119 1617 2159 est
1631 2142 1639 2156 ‚
1666 2130 1732 2149 cum
1753 2127 1781 2150 te
1794 2120 1883 2151 talem

1102 2162 1204 2188 virum
1216 2159 1260 2188 dii
1273 2169 1418 2198 monuere,
1440 2161 1485 2188 uti
1498 2158 1648 2202 aliquando
1655 2167 1773 2202 pacem,
1796 2173 1883 2206 quam

1100 2200 1216 2238 bellum,
1237 2200 1340 2229 malles.

1144 2249 1170 2279 7.
1206 2240 1352 2279 INQU1T
1368 2242 1380 2277 ]
1430 2239 1601 2280 Respondet
1635 2253 1743 2283 nempe
1777 2243 1883 2275 Socra-

1101 2289 1152 2313 tes.

1144 2323 1199 2354 VE
1209 2324 1290 2358 Ris]
1314 2322 1406 2354 Recio
1420 2324 1590 2358 Plutarchus
1613 2327 1641 2357 in
1656 2327 1788 2366 Apopht.
1801 2326 1882 2365 dixit,

1103 2367 1199 2398 nullas
1214 2365 1329 2397 divitias
1344 2366 1478 2398 fidelibus
1494 2368 1597 2399 amicis
1611 2368 1777 2409 aequiparari
1792 2365 1880 2407 posse.

1774 2534 1878 2565 AD
