2007 2771
326 85 1518 166 AJO.SCHEFF.CONSCR1PTA.

132 191 252 236 Nec
243 202 390 231 mterea
418 189 593 230 morosus
614 190 724 231 fuisse
751 189 856 230 credi
883 189 1033 243 potest,
1068 189 1132 229 sed
1157 186 1349 241 jucundus
1369 211 1381 230 ‚
1418 181 1648 236 hilarisque,
1685 192 1728 221 ut

132 259 375 333 potissimum
399 273 445 299 ex
463 258 529 300 lib
550 258 621 297 1V.
656 272 741 312 cap.
769 270 836 310 13
856 261 896 298 &
925 270 993 308 14.
1021 245 1117 299 item
1148 270 1233 310 cap.
1258 258 1326 294 16.
1346 254 1483 306 liquet.
1554 251 1667 303 Opes
1688 253 1725 288 ὅ(

133 328 318 384 pecunias
337 327 418 367 alto
444 325 714 381 generosoque
734 328 869 366 animo
890 326 1127 379 contempsit
1154 324 1305 378 semper
1324 346 1336 365 ,
1374 332 1416 361 ut
1435 319 1484 360 de
1504 319 1540 361 se
1572 316 1730 358 testatur

134 398 217 451 ipse
237 395 303 435 lib.
321 394 390 433 ΙΙΙ
410 392 517 448 praef.
537 394 605 434 ubi
624 409 754 435 curam
774 393 1109 448 habendipenz‘tm
1126 392 1236 434 corde
1255 389 1397 443 erasffe
1416 388 1557 428 scribit.
1598 384 1727 424 Maxi-

132 479 196 505 me
215 476 310 507 vero
330 461 408 502 hoc
428 462 535 516 egit,
572 476 658 502 cum
686 461 857 505 videret,
896 475 1014 514 quam
1040 462 1174 501 multis
1202 457 1379 498 exitiales
1407 457 1527 497 essent
1548 456 1615 494 suo
1634 463 1731 491 tem-

132 545 231 586 pore
252 531 437 584 pecuniae.
507 528 553 568 Id
574 529 681 582 quod
704 529 834 569 innuit
853 529 919 570 lib.
947 542 983 578 5.
1012 528 1088 569 fab.
1108 542 1149 580 4.
1182 526 1250 567 ubi
1279 525 1356 569 ait,
1392 524 1480 578 post
1498 523 1653 564 allatam
1672 518 1729 559 fa-

132 599 262 640 bulam
281 598 332 639 de
352 598 480 642 asino,
518 596 757 638 detrectante
779 596 919 642 hordei
947 597 1161 638 comedere,
1178 594 1409 647 reliquias,
1436 606 1517 647 quo
1536 588 1729 644 saginatus

130 679 295 724 porcus,
332 666 496 708 Herculi
515 658 656 706 deinde
675 665 900 735 immolatus
918 664 1012 706 fuit:

460 766 591 822 Hzstu
609 764 921 820 '‘essefft'nfabnlae
939 764 1158 806 dez‘err‘it‘us³
1190 764 1199 770 ”
1228 763 1232 767 ‘
1286 763 1301 766 '¹
1337 761 1339 765 ’
1377 754 1397 774 ⁴¹

459 836 865 894 Periculofilmst’mper
882 837 1016 875 vitavi
1020 833 1182 873 lucrum
1222 832 1225 835 '
1255 829 1261 831 ’

127 936 179 976 Et
196 932 377 989 profecto
400 944 493 973 tunc
517 931 850 986 opulentissimum
873 943 1069 985 quemque
1087 930 1108 969 ἐι
1125 928 1291 973 Tiberio
1309 927 1426 968 variis
1443 925 1726 967 criminationi-

128 1006 199 1045 bus
226 1001 495 1042 circumveniri
523 1000 679 1042 solitum
711 1014 794 1040 non
823 1000 905 1053 ipse
934 998 1057 1039 modo
1086 997 1205 1037 docet
1233 997 1274 1037 in
1294 992 1579 1050 sequentibus,
1601 994 1664 1035 sed
1686 997 1725 1033 &

126 1071 354 1123 exemplis
340 1085 361 1109 a
383 1069 575 1110 Suetonio
578 1083 676 1125 cap
705 1081 772 1117 19.
793 1073 830 1121 βε
850 1069 994 1108 Tacito
1014 1065 1085 1130 VI.
1115 1068 1190 1105 An.
1208 1080 1239 1105 c.
1270 1079 1338 1114 19.
1375 1061 1535 1115 aliisque
1555 1062 1651 1104 locis
1671 1062 1726 1103 al-

123 1140 213 1180 latis
231 1140 522 1192 comprobatur
575 1134 959 1196 Qmadmodum
968 1127 1062 1175 vero
1095 1126 1304 1188 negligens
1320 1133 1394 1173 fuit
1422 1143 1565 1183 opum,
1601 1133 1656 1171 ita
1676 1144 1724 1170 ex

124 1206 283 1249 adverso
297 1207 465 1261 gloriam
483 1204 646 1244 sestatus
666 1205 744 1248 est,
782 1217 869 1245 eam
890 1204 1082 1247 maxime,
1120 1216 1207 1255 que
1225 1202 1279 1241 est
1301 1216 1349 1243 ex
1367 1198 1506 1239 litteris
1526 1197 1725 1240 (1οέ1111111-

124 1289 211 1329 que.
281 1273 378 1314 Ideo
399 1277 438 1313 &
457 1272 505 1312 de
526 1272 690 1314 obtenta
708 1287 751 1313 ea
771 1282 923 1312 tantum
946 1284 1029 1311 non
1048 1270 1289 1324 triumphat,
1326 1269 1367 1308 in
1398 1264 1506 1320 praef.
1530 1265 1596 1307 lib.
1634 1265 1724 1306 III.

124 1344 191 1384 ubi
208 1343 284 1385 ait:

420 1433 523 1488 Ergo
542 1433 631 1473 hinc
650 1432 768 1486 abesto
786 1432 908 1480 livor,
938 1446 982 1472 ne
995 1432 1136 1486 frustra
1145 1443 1279 1484 gemas
1291 1458 1302 1476 ‚

419 1503 610 1559 Qtoniam
630 1501 724 1540 mihi
738 1500 901 1553 solennis
919 1501 1069 1542 debetur
1079 1501 1216 1556 gloria.

126 1608 189 1648 Sic
205 1606 253 1646 ab
274 1606 391 1647 initio
414 1604 479 1645 lib.
499 1603 550 1644 V.
596 1604 706 1647 Mihi
718 1614 838 1658 parta
857 1605 941 1644 laus
962 1605 1023 1656 est.
1071 1605 1184 1658 Qin
1205 1606 1288 1645 imo
1310 1615 1390 1644 tarn
1417 1608 1601 1660 praeclare
1620 1607 1669 1650 de
1687 1608 1724 1650 se

126 1676 261 1717 sentit,
299 1684 340 1712 ut
361 1677 399 1712 δε
419 1673 503 1712 aliis
532 1671 675 1713 famam
706 1672 878 1712 nominis
907 1687 950 1711 ac
968 1672 1304 1714 immortalitatem
1332 1672 1421 1715 dare
1443 1677 1553 1729 posse
1573 1675 1724 1732 scriptis

125 1741 341 1783 crediderit.
412 1739 509 1779 Inde
528 1738 577 1779 ad
599 1740 885 1779 Particulonem
905 1740 970 1779 lib.
996 1739 1044 1780 V.

421 1831 622 1870 Particum
640 1832 782 1871 chartis
801 1845 929 1871 nomen
946 1831 1135 1872 vicJuram
1152 1836 1252 1873 mers.

128 1924 293 1964 Litteras
321 1934 448 1962 autem
473 1921 572 1976 ipsas
600 1935 744 1976 magno
776 1921 896 1960 animi
927 1920 1064 1960 ardore
1091 1922 1144 1961 est
1166 1922 1380 1977 aggressus,
1421 1924 1617 1966 &inillis
1637 1940 1722 1968 eam

128 2004 275 2046 partem
296 1990 484 2033 maxime,
520 2002 605 2042 quae
628 1988 755 2042 poesis
775 1988 1007 2042 appellatur.
1079 1989 1225 2043 Liquet
1245 1990 1306 2030 vel
1329 2005 1375 2030 ex
1395 2008 1470 2037 eo,
1508 1994 1598 2048 quia
1629 2009 1723 2048 pue-

127 2073 211 2100 rum
240 2058 276 2097 se
304 2059 421 2098 etiam
451 2057 623 2096 [metasse
653 2056 822 2097 Ennium
856 2056 995 2097 fatetur
1013 2082 1024 2100 ,
1063 2061 1101 2096 ἃ
1127 2072 1173 2098 ex
1197 2073 1245 2098 eo
1276 2057 1425 2100 versum
1446 2062 1539 2102 citat
1557 2061 1623 2103 lib,
1643 2062 1722 2103 IV,

129 2127 227 2168 circa
248 2126 364 2166 finem
378 2151 390 2171 ,
427 2125 494 2165 ubi
514 2125 686 2165 Ennium
704 2124 915 2180 intelligit,
951 2139 1040 2164 cum
1059 2125 1134 2165 ait.-

421 2223 507 2278 Ego
525 2224 710 2278 qnondam
727 2223 798 2278 legi
815 2237 925 2278 qnam
934 2225 1262 2278 pzterfi’ntentiam
1271 2243 1285 2270 ς

421 2292 565 2334 ‘Palam
584 2294 716 2332 mutire
722 2291 866 2347 plebejo
877 2291 1066 2345 piaculum
1083 2293 1155 2346 est3

423 2362 536 2404 ‘Dum
543 2364 698 2417 sanitas
716 2363 915 2417 constabit,
935 2364 1063 2418 pulcre
1078 2365 1277 2406 meminero

131 2453 263 2510 Atque
285 2453 379 2497 hinc
399 2455 554 2499 fortasse
574 2456 716 2502 factum
730 2486 741 2506 ,
777 2470 821 2501 ut
840 2458 983 2514 AEsopi
1005 2458 1154 2501 fabulas
1173 2474 1254 2500 ver
1245 2458 1282 2501 11
1304 2461 1459 2514 potius,
1496 2476 1568 2516 qu
1576 2475 1610 2501 1η
1635 2475 1719 2501 ora

976 2527 1076 2555 Η*
1118 2542 1136 2568 2
1613 2531 1720 2569 xistus:
