<?xml version="1.0" encoding="UTF-8"?>
<!DOCTYPE html PUBLIC "-//W3C//DTD XHTML 1.0 Transitional//EN"
    "http://www.w3.org/TR/xhtml1/DTD/xhtml1-transitional.dtd">
<html xmlns="http://www.w3.org/1999/xhtml" xml:lang="en" lang="en">
 <head>
  <title>
</title>
<meta http-equiv="Content-Type" content="text/html;charset=utf-8" />
  <meta name='ocr-system' content='tesseract 3.04.00' />
  <meta name='ocr-capabilities' content='ocr_page ocr_carea ocr_par ocr_line ocrx_word'/>
</head>
<body>
  <div class='ocr_page' id='page_1' title='image "./phaedriauglibert00phae_0092.png"; bbox 0 0 2007 2771; ppageno 0'>
   <div class='ocr_carea' id='block_1_1' title="bbox 245 83 1734 164">
    <p class='ocr_par' dir='ltr' id='par_1_1' title="bbox 245 83 1734 164">
     <span class='ocr_line' id='line_1_1' title="bbox 245 83 1734 164; baseline -0.009 -2"><span class='ocrx_word' id='word_1_1' title='bbox 245 111 330 164; x_wconf 84' lang='lat'>40</span> <span class='ocrx_word' id='word_1_2' title='bbox 413 92 883 155; x_wconf 86' lang='lat' dir='ltr'>PHAEDRI</span> <span class='ocrx_word' id='word_1_3' title='bbox 968 83 1734 151; x_wconf 79' lang='lat' dir='ltr'>FABULARUM</span> 
     </span>
    </p>
   </div>
   <div class='ocr_carea' id='block_1_2' title="bbox 200 185 1706 767">
    <p class='ocr_par' dir='ltr' id='par_1_2' title="bbox 215 185 1706 668">
     <span class='ocr_line' id='line_1_2' title="bbox 215 185 1706 274; baseline -0.007 -21"><span class='ocrx_word' id='word_1_4' title='bbox 215 208 237 254; x_wconf 72' lang='grc' dir='ltr'>’ς</span> <span class='ocrx_word' id='word_1_5' title='bbox 250 188 626 274; x_wconf 86' lang='lat' dir='ltr'>Animosque</span> <span class='ocrx_word' id='word_1_6' title='bbox 656 186 915 266; x_wconf 88' lang='lat' dir='ltr'>ejusdem</span> <span class='ocrx_word' id='word_1_7' title='bbox 942 185 1178 271; x_wconf 82' lang='lat' dir='ltr'>pulchra</span> <span class='ocrx_word' id='word_1_8' title='bbox 1205 185 1432 261; x_wconf 80' lang='lat' dir='ltr'>juvenis</span> <span class='ocrx_word' id='word_1_9' title='bbox 1461 196 1706 266; x_wconf 82' lang='lat' dir='ltr'><strong>ceperat.</strong></span> 
     </span>
     <span class='ocr_line' id='line_1_3' title="bbox 248 283 1431 367; baseline -0.007 -16"><span class='ocrx_word' id='word_1_10' title='bbox 248 289 465 351; x_wconf 84' lang='lat' dir='ltr'>Ambae</span> <span class='ocrx_word' id='word_1_11' title='bbox 492 287 683 350; x_wconf 74' lang='lat' dir='ltr'>videri</span> <span class='ocrx_word' id='word_1_12' title='bbox 710 287 860 350; x_wconf 87' lang='lat' dir='ltr'>dum</span> <span class='ocrx_word' id='word_1_13' title='bbox 889 285 1099 350; x_wconf 87' lang='lat' dir='ltr'>Volunt</span> <span class='ocrx_word' id='word_1_14' title='bbox 1126 283 1208 345; x_wconf 74' lang='lat' dir='ltr'>illi</span> <span class='ocrx_word' id='word_1_15' title='bbox 1236 304 1395 367; x_wconf 83' lang='lat' dir='ltr'>pares</span> <span class='ocrx_word' id='word_1_16' title='bbox 1413 332 1431 356; x_wconf 91' lang='lat'><em>‚</em></span> 
     </span>
     <span class='ocr_line' id='line_1_4' title="bbox 249 385 1581 474; baseline -0.008 -22"><span class='ocrx_word' id='word_1_17' title='bbox 249 388 516 474; x_wconf 81' lang='lat' dir='ltr'>Capillos</span> <span class='ocrx_word' id='word_1_18' title='bbox 546 385 786 448; x_wconf 85' lang='lat' dir='ltr'>homini</span> <span class='ocrx_word' id='word_1_19' title='bbox 815 386 1007 470; x_wconf 80' lang='lat' dir='ltr'>legere</span> <span class='ocrx_word' id='word_1_20' title='bbox 1036 403 1275 469; x_wconf 84' lang='lat' dir='ltr'>coepere</span> <span class='ocrx_word' id='word_1_21' title='bbox 1302 385 1581 444; x_wconf 85' lang='lat' dir='ltr'>invicem.</span> 
     </span>
     <span class='ocr_line' id='line_1_5' title="bbox 251 480 1513 570; baseline -0.007 -22"><span class='ocrx_word' id='word_1_22' title='bbox 251 492 459 564; x_wconf 82' lang='lat' dir='ltr'>Qum</span> <span class='ocrx_word' id='word_1_23' title='bbox 487 481 544 544; x_wconf 85' lang='lat' dir='ltr'>se</span> <span class='ocrx_word' id='word_1_24' title='bbox 573 502 797 570; x_wconf 82' lang='lat' dir='ltr'>putaret</span> <span class='ocrx_word' id='word_1_25' title='bbox 824 484 972 567; x_wconf 81' lang='lat' dir='ltr'>fingi</span> <span class='ocrx_word' id='word_1_26' title='bbox 1002 506 1135 544; x_wconf 80' lang='lat' dir='ltr'>cura</span> <span class='ocrx_word' id='word_1_27' title='bbox 1165 480 1513 554; x_wconf 82' lang='lat' dir='ltr'>mulierum,</span> 
     </span>
     <span class='ocr_line' id='line_1_6' title="bbox 251 577 1567 668; baseline -0.007 -21"><span class='ocrx_word' id='word_1_28' title='bbox 251 586 475 648; x_wconf 78' lang='lat' dir='ltr'>Calvus</span> <span class='ocrx_word' id='word_1_29' title='bbox 498 603 732 668; x_wconf 85' lang='lat' dir='ltr'>repente</span> <span class='ocrx_word' id='word_1_30' title='bbox 759 583 947 644; x_wconf 60' lang='lat' dir='ltr'>faetus</span> <span class='ocrx_word' id='word_1_31' title='bbox 985 581 1093 643; x_wconf 70' lang='lat' dir='ltr'>ests</span> <span class='ocrx_word' id='word_1_32' title='bbox 1138 602 1277 641; x_wconf 82' lang='lat' dir='ltr'>nam</span> <span class='ocrx_word' id='word_1_33' title='bbox 1305 577 1567 639; x_wconf 79' lang='lat' dir='ltr'>funditus</span> 
     </span>
    </p>

    <p class='ocr_par' dir='ltr' id='par_1_3' title="bbox 200 674 1450 767">
     <span class='ocr_line' id='line_1_7' title="bbox 200 674 1450 767; baseline -0.007 -24"><span class='ocrx_word' id='word_1_34' title='bbox 200 684 456 743; x_wconf 69' lang='lat' dir='ltr'>zoCanos</span> <span class='ocrx_word' id='word_1_35' title='bbox 484 680 678 767; x_wconf 79' lang='lat' dir='ltr'>puella</span> <span class='ocrx_word' id='word_1_36' title='bbox 697 722 714 747; x_wconf 74' lang='lat'>2</span> <span class='ocrx_word' id='word_1_37' title='bbox 762 684 963 763; x_wconf 81' lang='lat' dir='ltr'>nigros</span> <span class='ocrx_word' id='word_1_38' title='bbox 995 699 1134 739; x_wconf 85' lang='lat' dir='ltr'>anus</span> <span class='ocrx_word' id='word_1_39' title='bbox 1163 674 1450 739; x_wconf 81' lang='lat' dir='ltr'>evelletat.</span> 
     </span>
    </p>
   </div>
   <div class='ocr_carea' id='block_1_3' title="bbox 250 798 1857 845">
    <p class='ocr_par' dir='ltr' id='par_1_4' title="bbox 250 798 1857 845">
     <span class='ocr_line' id='line_1_8' title="bbox 250 798 1857 845; baseline -0.004 -7"><span class='ocrx_word' id='word_1_40' title='bbox 250 807 365 838; x_wconf 80' lang='lat' dir='ltr'>Mulier</span> <span class='ocrx_word' id='word_1_41' title='bbox 380 816 442 838; x_wconf 91' lang='lat' dir='ltr'>non</span> <span class='ocrx_word' id='word_1_42' title='bbox 457 806 534 836; x_wconf 87' lang='lat' dir='ltr'>rudis</span> <span class='ocrx_word' id='word_1_43' title='bbox 563 806 640 845; x_wconf 79' lang='lat' dir='ltr'>(five</span> <span class='ocrx_word' id='word_1_44' title='bbox 654 812 685 835; x_wconf 86' lang='lat' dir='ltr'>ut</span> <span class='ocrx_word' id='word_1_45' title='bbox 699 803 786 836; x_wconf 89' lang='lat' dir='ltr'>Naso</span> <span class='ocrx_word' id='word_1_46' title='bbox 802 806 850 837; x_wconf 83' lang='lat' dir='ltr'>lib.</span> <span class='ocrx_word' id='word_1_47' title='bbox 867 814 893 835; x_wconf 90' lang='lat'>2.</span> <span class='ocrx_word' id='word_1_48' title='bbox 922 804 1030 835; x_wconf 83' lang='lat' dir='ltr'>Amor.</span> <span class='ocrx_word' id='word_1_49' title='bbox 1073 809 1189 841; x_wconf 86' lang='lat' dir='ltr'>ponunt</span> <span class='ocrx_word' id='word_1_50' title='bbox 1197 801 1428 840; x_wconf 69' lang='lat' dir='ltr'>quoqueornari.</span> <span class='ocrx_word' id='word_1_51' title='bbox 1449 798 1621 830; x_wconf 80' lang='lat' dir='ltr'>Certeinfra</span> <span class='ocrx_word' id='word_1_52' title='bbox 1629 798 1667 830; x_wconf 83' lang='lat' dir='ltr'>est</span> <span class='ocrx_word' id='word_1_53' title='bbox 1676 800 1857 841; x_wconf 52' lang='lat' dir='ltr'>praescribe-</span> 
     </span>
    </p>
   </div>
   <div class='ocr_carea' id='block_1_4' title="bbox 251 841 1863 1424">
    <p class='ocr_par' dir='ltr' id='par_1_5' title="bbox 251 841 1863 1424">
     <span class='ocr_line' id='line_1_9' title="bbox 251 841 1859 890; baseline -0.003 -11"><span class='ocrx_word' id='word_1_54' title='bbox 251 849 333 890; x_wconf 74' lang='lat' dir='ltr'>Eleg.</span> <span class='ocrx_word' id='word_1_55' title='bbox 352 860 377 879; x_wconf 77' lang='lat'>2.</span> <span class='ocrx_word' id='word_1_56' title='bbox 1073 856 1119 882; x_wconf 73' lang='lat' dir='ltr'>rc,</span> <span class='ocrx_word' id='word_1_57' title='bbox 1141 843 1171 877; x_wconf 82' lang='lat' dir='ltr'>id</span> <span class='ocrx_word' id='word_1_58' title='bbox 1185 842 1224 872; x_wconf 88' lang='lat' dir='ltr'>est</span> <span class='ocrx_word' id='word_1_59' title='bbox 1239 850 1351 872; x_wconf 84' lang='lat' dir='ltr'>ornate.</span> <span class='ocrx_word' id='word_1_60' title='bbox 1379 841 1451 872; x_wconf 86' lang='lat' dir='ltr'>Nec</span> <span class='ocrx_word' id='word_1_61' title='bbox 1464 841 1579 871; x_wconf 89' lang='lat' dir='ltr'>videtur</span> <span class='ocrx_word' id='word_1_62' title='bbox 1593 843 1726 871; x_wconf 89' lang='lat' dir='ltr'>multum</span> <span class='ocrx_word' id='word_1_63' title='bbox 1740 843 1859 874; x_wconf 87' lang='lat' dir='ltr'>ablude—</span> 
     </span>
     <span class='ocr_line' id='line_1_10' title="bbox 327 881 1858 930; baseline -0.004 -10"><span class='ocrx_word' id='word_1_64' title='bbox 327 889 458 929; x_wconf 77' lang='lat' dir='ltr'><em>Jucundo</em></span> <span class='ocrx_word' id='word_1_65' title='bbox 472 901 525 919; x_wconf 76' lang='lat' dir='ltr'>non</span> <span class='ocrx_word' id='word_1_66' title='bbox 539 889 639 929; x_wconf 60' lang='lat' dir='ltr'>rtgftica</span> <span class='ocrx_word' id='word_1_67' title='bbox 652 891 762 930; x_wconf 81' lang='lat' dir='ltr'>cognita</span> <span class='ocrx_word' id='word_1_68' title='bbox 768 888 869 927; x_wconf 82' lang='lat' dir='ltr'>furto)</span> <span class='ocrx_word' id='word_1_69' title='bbox 1074 894 1105 915; x_wconf 87' lang='lat' dir='ltr'>re</span> <span class='ocrx_word' id='word_1_70' title='bbox 1119 882 1213 915; x_wconf 84' lang='lat' dir='ltr'>noster</span> <span class='ocrx_word' id='word_1_71' title='bbox 1234 883 1354 924; x_wconf 77' lang='lat' dir='ltr'>Belgice</span> <span class='ocrx_word' id='word_1_72' title='bbox 1377 883 1516 922; x_wconf 83' lang='lat' dir='ltr'>loquendi</span> <span class='ocrx_word' id='word_1_73' title='bbox 1540 881 1650 913; x_wconf 86' lang='lat' dir='ltr'>modus</span> <span class='ocrx_word' id='word_1_74' title='bbox 1666 892 1672 913; x_wconf 90' lang='lat'><strong>:</strong></span> <span class='ocrx_word' id='word_1_75' title='bbox 1694 883 1755 913; x_wconf 82' lang='lat' dir='ltr'>Het</span> <span class='ocrx_word' id='word_1_76' title='bbox 1772 887 1796 913; x_wconf 80' lang='lat' dir='ltr'>is</span> <span class='ocrx_word' id='word_1_77' title='bbox 1810 895 1858 917; x_wconf 75' lang='lat' dir='ltr'>zoo</span> 
     </span>
     <span class='ocr_line' id='line_1_11' title="bbox 251 921 1859 970; baseline -0.002 -9"><span class='ocrx_word' id='word_1_78' title='bbox 251 933 369 962; x_wconf 84' lang='lat' dir='ltr'>tenebat</span> <span class='ocrx_word' id='word_1_79' title='bbox 392 930 542 970; x_wconf 86' lang='lat' dir='ltr'>quendam</span> <span class='ocrx_word' id='word_1_80' title='bbox 557 954 565 969; x_wconf 85' lang='lat'>‚</span> <span class='ocrx_word' id='word_1_81' title='bbox 600 930 638 960; x_wconf 83' lang='lat' dir='ltr'>sc.</span> <span class='ocrx_word' id='word_1_82' title='bbox 661 939 765 960; x_wconf 84' lang='lat' dir='ltr'>amore</span> <span class='ocrx_word' id='word_1_83' title='bbox 781 928 950 960; x_wconf 68' lang='lat' dir='ltr'>obstriEtum</span> <span class='ocrx_word' id='word_1_84' title='bbox 967 928 1014 959; x_wconf 81' lang='lat' dir='ltr'>fibi</span> <span class='ocrx_word' id='word_1_85' title='bbox 1024 951 1033 967; x_wconf 87' lang='lat'>,</span> <span class='ocrx_word' id='word_1_86' title='bbox 1075 933 1139 964; x_wconf 76' lang='lat' dir='ltr'>net,</span> <span class='ocrx_word' id='word_1_87' title='bbox 1160 927 1192 964; x_wconf 83' lang='lat' dir='ltr'>of</span> <span class='ocrx_word' id='word_1_88' title='bbox 1200 926 1220 955; x_wconf 86' lang='lat' dir='ltr'>’t</span> <span class='ocrx_word' id='word_1_89' title='bbox 1230 925 1396 966; x_wconf 71' lang='lat' dir='ltr'>geschildert</span> <span class='ocrx_word' id='word_1_90' title='bbox 1411 936 1484 955; x_wconf 82' lang='lat' dir='ltr'>was.</span> <span class='ocrx_word' id='word_1_91' title='bbox 1521 921 1560 953; x_wconf 88' lang='lat' dir='ltr'>Et</span> <span class='ocrx_word' id='word_1_92' title='bbox 1574 923 1687 954; x_wconf 85' lang='lat' dir='ltr'>constat</span> <span class='ocrx_word' id='word_1_93' title='bbox 1701 933 1793 955; x_wconf 87' lang='lat' dir='ltr'>canos</span> <span class='ocrx_word' id='word_1_94' title='bbox 1807 936 1859 957; x_wconf 91' lang='lat' dir='ltr'>co-</span> 
     </span>
     <span class='ocr_line' id='line_1_12' title="bbox 253 964 1860 1012; baseline -0.002 -10"><span class='ocrx_word' id='word_1_95' title='bbox 253 975 334 1003; x_wconf 80' lang='lat' dir='ltr'>velut</span> <span class='ocrx_word' id='word_1_96' title='bbox 349 973 483 1002; x_wconf 80' lang='lat' dir='ltr'>vinculis.</span> <span class='ocrx_word' id='word_1_97' title='bbox 506 971 590 1012; x_wconf 79' lang='lat' dir='ltr'>Virg.</span> <span class='ocrx_word' id='word_1_98' title='bbox 605 970 686 1001; x_wconf 89' lang='lat' dir='ltr'>Eccl.</span> <span class='ocrx_word' id='word_1_99' title='bbox 705 981 731 1001; x_wconf 92' lang='lat'>1.</span> <span class='ocrx_word' id='word_1_100' title='bbox 1076 968 1163 997; x_wconf 85' lang='lat' dir='ltr'>lorati</span> <span class='ocrx_word' id='word_1_101' title='bbox 1186 966 1287 997; x_wconf 86' lang='lat' dir='ltr'>solitos</span> <span class='ocrx_word' id='word_1_102' title='bbox 1308 976 1326 996; x_wconf 70' lang='grc' dir='ltr'>τι</span> <span class='ocrx_word' id='word_1_103' title='bbox 1346 967 1500 996; x_wconf 82' lang='lat' dir='ltr'>veteribus.</span> <span class='ocrx_word' id='word_1_104' title='bbox 1544 964 1639 1005; x_wconf 83' lang='lat' dir='ltr'>Quod</span> <span class='ocrx_word' id='word_1_105' title='bbox 1655 965 1787 1005; x_wconf 84' lang='lat' dir='ltr'>praestant</span> <span class='ocrx_word' id='word_1_106' title='bbox 1801 969 1860 999; x_wconf 90' lang='lat' dir='ltr'>hoc</span> 
     </span>
     <span class='ocr_line' id='line_1_13' title="bbox 334 1007 1860 1047; baseline -0.002 -4"><span class='ocrx_word' id='word_1_107' title='bbox 334 1013 412 1044; x_wconf 85' lang='lat' dir='ltr'>Cum</span> <span class='ocrx_word' id='word_1_108' title='bbox 427 1024 471 1042; x_wconf 87' lang='lat' dir='ltr'>me</span> <span class='ocrx_word' id='word_1_109' title='bbox 487 1012 609 1042; x_wconf 76' lang='lat' dir='ltr'><em>Galatea</em></span> <span class='ocrx_word' id='word_1_110' title='bbox 623 1013 742 1042; x_wconf 79' lang='lat' dir='ltr'>tenebat.</span> <span class='ocrx_word' id='word_1_111' title='bbox 1075 1010 1166 1039; x_wconf 80' lang='lat' dir='ltr'>etiam</span> <span class='ocrx_word' id='word_1_112' title='bbox 1186 1015 1320 1046; x_wconf 87' lang='lat' dir='ltr'>tempore</span> <span class='ocrx_word' id='word_1_113' title='bbox 1343 1007 1470 1047; x_wconf 65' lang='lat' dir='ltr'>peelines</span> <span class='ocrx_word' id='word_1_114' title='bbox 1492 1007 1623 1045; x_wconf 87' lang='lat' dir='ltr'>plumbei</span> <span class='ocrx_word' id='word_1_115' title='bbox 1638 1031 1646 1045; x_wconf 92' lang='lat'>‚</span> <span class='ocrx_word' id='word_1_116' title='bbox 1674 1008 1779 1046; x_wconf 85' lang='lat' dir='ltr'>quibus</span> <span class='ocrx_word' id='word_1_117' title='bbox 1793 1009 1860 1040; x_wconf 85' lang='lat' dir='ltr'>usus</span> 
     </span>
     <span class='ocr_line' id='line_1_14' title="bbox 252 1048 1860 1092; baseline -0.004 -5"><span class='ocrx_word' id='word_1_118' title='bbox 252 1056 340 1086; x_wconf 83' lang='lat' dir='ltr'>Plura</span> <span class='ocrx_word' id='word_1_119' title='bbox 354 1055 488 1092; x_wconf 77' lang='lat' dir='ltr'>exempla</span> <span class='ocrx_word' id='word_1_120' title='bbox 502 1053 615 1084; x_wconf 84' lang='lat' dir='ltr'>adferre</span> <span class='ocrx_word' id='word_1_121' title='bbox 629 1054 702 1083; x_wconf 89' lang='lat' dir='ltr'>nihil</span> <span class='ocrx_word' id='word_1_122' title='bbox 716 1053 834 1091; x_wconf 76' lang='lat' dir='ltr'>attinet,</span> <span class='ocrx_word' id='word_1_123' title='bbox 856 1061 927 1082; x_wconf 89' lang='lat' dir='ltr'>cum</span> <span class='ocrx_word' id='word_1_124' title='bbox 940 1051 1035 1081; x_wconf 88' lang='lat' dir='ltr'>ubivis</span> <span class='ocrx_word' id='word_1_125' title='bbox 1077 1059 1196 1089; x_wconf 88' lang='lat' dir='ltr'>quoque</span> <span class='ocrx_word' id='word_1_126' title='bbox 1214 1048 1272 1079; x_wconf 83' lang='lat' dir='ltr'>effe</span> <span class='ocrx_word' id='word_1_127' title='bbox 1292 1049 1398 1080; x_wconf 86' lang='lat' dir='ltr'>dicitur</span> <span class='ocrx_word' id='word_1_128' title='bbox 1412 1072 1421 1087; x_wconf 87' lang='lat'>,</span> <span class='ocrx_word' id='word_1_129' title='bbox 1449 1057 1520 1078; x_wconf 88' lang='lat' dir='ltr'>cum</span> <span class='ocrx_word' id='word_1_130' title='bbox 1536 1048 1602 1086; x_wconf 88' lang='lat' dir='ltr'>jam</span> <span class='ocrx_word' id='word_1_131' title='bbox 1616 1048 1653 1078; x_wconf 86' lang='lat' dir='ltr'>ad</span> <span class='ocrx_word' id='word_1_132' title='bbox 1668 1048 1782 1080; x_wconf 90' lang='lat' dir='ltr'>senium</span> <span class='ocrx_word' id='word_1_133' title='bbox 1796 1060 1860 1081; x_wconf 89' lang='lat' dir='ltr'>ver-</span> 
     </span>
     <span class='ocr_line' id='line_1_15' title="bbox 252 1089 1860 1135; baseline -0.008 -6"><span class='ocrx_word' id='word_1_134' title='bbox 252 1099 305 1129; x_wconf 83' lang='lat' dir='ltr'>fiut</span> <span class='ocrx_word' id='word_1_135' title='bbox 320 1099 348 1127; x_wconf 88' lang='lat' dir='ltr'>in</span> <span class='ocrx_word' id='word_1_136' title='bbox 364 1102 491 1135; x_wconf 89' lang='lat' dir='ltr'>promtu.</span> <span class='ocrx_word' id='word_1_137' title='bbox 1076 1100 1147 1132; x_wconf 81' lang='lat' dir='ltr'>gens</span> <span class='ocrx_word' id='word_1_138' title='bbox 1167 1100 1280 1121; x_wconf 81' lang='lat' dir='ltr'>novam</span> <span class='ocrx_word' id='word_1_139' title='bbox 1294 1091 1345 1121; x_wconf 79' lang='lat' dir='ltr'>fibi</span> <span class='ocrx_word' id='word_1_140' title='bbox 1360 1089 1567 1121; x_wconf 86' lang='lat' dir='ltr'>conditionem</span> <span class='ocrx_word' id='word_1_141' title='bbox 1581 1097 1718 1128; x_wconf 89' lang='lat' dir='ltr'>quaereret</span> <span class='ocrx_word' id='word_1_142' title='bbox 1731 1112 1740 1129; x_wconf 84' lang='lat'>,</span> <span class='ocrx_word' id='word_1_143' title='bbox 1755 1090 1860 1124; x_wconf 72' lang='lat' dir='ltr'>Musa-</span> 
     </span>
     <span class='ocr_line' id='line_1_16' title="bbox 294 1131 1861 1171; baseline -0.002 -3"><span class='ocrx_word' id='word_1_144' title='bbox 294 1137 321 1169; x_wconf 83' lang='lat' dir='ltr'>E</span> <span class='ocrx_word' id='word_1_145' title='bbox 330 1148 347 1168; x_wconf 89' lang='lat' dir='ltr'>L</span> <span class='ocrx_word' id='word_1_146' title='bbox 356 1146 400 1167; x_wconf 75' lang='lat' dir='ltr'>EG</span> <span class='ocrx_word' id='word_1_147' title='bbox 410 1146 432 1166; x_wconf 82' lang='lat' dir='ltr'><strong>A</strong></span> <span class='ocrx_word' id='word_1_148' title='bbox 441 1147 460 1167; x_wconf 72' lang='lat' dir='ltr'>N</span> <span class='ocrx_word' id='word_1_149' title='bbox 469 1145 488 1166; x_wconf 88' lang='lat' dir='ltr'>T</span> <span class='ocrx_word' id='word_1_150' title='bbox 498 1146 506 1166; x_wconf 94' lang='lat'>1</span> <span class='ocrx_word' id='word_1_151' title='bbox 516 1136 559 1171; x_wconf 80' lang='lat' dir='ltr'>A]</span> <span class='ocrx_word' id='word_1_152' title='bbox 582 1133 689 1165; x_wconf 83' lang='lat' dir='ltr'>Cultus</span> <span class='ocrx_word' id='word_1_153' title='bbox 703 1133 731 1163; x_wconf 87' lang='lat'><strong>&amp;</strong></span> <span class='ocrx_word' id='word_1_154' title='bbox 745 1140 874 1164; x_wconf 88' lang='lat' dir='ltr'>ornatus.</span> <span class='ocrx_word' id='word_1_155' title='bbox 1075 1141 1144 1162; x_wconf 89' lang='lat' dir='ltr'>rum</span> <span class='ocrx_word' id='word_1_156' title='bbox 1159 1132 1232 1162; x_wconf 90' lang='lat' dir='ltr'>illud</span> <span class='ocrx_word' id='word_1_157' title='bbox 1244 1131 1385 1163; x_wconf 84' lang='lat' dir='ltr'>delicium</span> <span class='ocrx_word' id='word_1_158' title='bbox 1399 1155 1407 1170; x_wconf 84' lang='lat'>,</span> <span class='ocrx_word' id='word_1_159' title='bbox 1429 1131 1457 1160; x_wconf 77' lang='grc' dir='ltr'>ἂ</span> <span class='ocrx_word' id='word_1_160' title='bbox 1471 1138 1684 1162; x_wconf 85' lang='lat' dir='ltr'>ornamentum</span> <span class='ocrx_word' id='word_1_161' title='bbox 1705 1133 1861 1170; x_wconf 89' lang='lat' dir='ltr'>quondam</span> 
     </span>
     <span class='ocr_line' id='line_1_17' title="bbox 295 1171 1861 1217; baseline -0.003 -8"><span class='ocrx_word' id='word_1_162' title='bbox 295 1189 323 1217; x_wconf 88' lang='lat'>5.</span> <span class='ocrx_word' id='word_1_163' title='bbox 341 1178 482 1209; x_wconf 62' lang='lat' dir='ltr'>Ammo</span> <span class='ocrx_word' id='word_1_164' title='bbox 491 1185 506 1208; x_wconf 86' lang='lat' dir='ltr'>s</span> <span class='ocrx_word' id='word_1_165' title='bbox 515 1180 613 1215; x_wconf 84' lang='lat' dir='ltr'>QUE]</span> <span class='ocrx_word' id='word_1_166' title='bbox 629 1175 666 1206; x_wconf 85' lang='lat' dir='ltr'>Et</span> <span class='ocrx_word' id='word_1_167' title='bbox 681 1176 739 1214; x_wconf 90' lang='lat' dir='ltr'>ipse</span> <span class='ocrx_word' id='word_1_168' title='bbox 747 1175 884 1216; x_wconf 87' lang='lat' dir='ltr'>diligebat</span> <span class='ocrx_word' id='word_1_169' title='bbox 890 1174 1033 1213; x_wconf 88' lang='lat' dir='ltr'>puellam.</span> <span class='ocrx_word' id='word_1_170' title='bbox 1076 1171 1226 1204; x_wconf 86' lang='lat' dir='ltr'>Leidenfis</span> <span class='ocrx_word' id='word_1_171' title='bbox 1241 1172 1414 1203; x_wconf 78' lang='lat' dir='ltr'>Academiae</span> <span class='ocrx_word' id='word_1_172' title='bbox 1428 1171 1610 1203; x_wconf 85' lang='lat' dir='ltr'>Dominicus</span> <span class='ocrx_word' id='word_1_173' title='bbox 1623 1172 1763 1203; x_wconf 83' lang='lat' dir='ltr'>Baudius.</span> <span class='ocrx_word' id='word_1_174' title='bbox 1790 1173 1861 1205; x_wconf 89' lang='lat' dir='ltr'>Pos-</span> 
     </span>
     <span class='ocr_line' id='line_1_18' title="bbox 294 1211 1863 1259; baseline -0.002 -9"><span class='ocrx_word' id='word_1_175' title='bbox 294 1221 341 1259; x_wconf 78' lang='lat' dir='ltr'>Ju</span> <span class='ocrx_word' id='word_1_176' title='bbox 351 1229 368 1249; x_wconf 88' lang='lat' dir='ltr'>v</span> <span class='ocrx_word' id='word_1_177' title='bbox 377 1228 394 1249; x_wconf 81' lang='grc' dir='ltr'>Ε</span> <span class='ocrx_word' id='word_1_178' title='bbox 404 1229 423 1249; x_wconf 66' lang='lat' dir='ltr'>x</span> <span class='ocrx_word' id='word_1_179' title='bbox 433 1229 441 1249; x_wconf 93' lang='lat'>1</span> <span class='ocrx_word' id='word_1_180' title='bbox 451 1220 487 1255; x_wconf 81' lang='lat' dir='ltr'>s]</span> <span class='ocrx_word' id='word_1_181' title='bbox 510 1217 688 1255; x_wconf 73' lang='lat' dir='ltr'>juvencula,</span> <span class='ocrx_word' id='word_1_182' title='bbox 712 1218 817 1255; x_wconf 88' lang='lat' dir='ltr'>puella.</span> <span class='ocrx_word' id='word_1_183' title='bbox 1076 1212 1143 1245; x_wconf 89' lang='lat' dir='ltr'>sunt</span> <span class='ocrx_word' id='word_1_184' title='bbox 1156 1224 1191 1244; x_wconf 85' lang='lat' dir='ltr'>ea</span> <span class='ocrx_word' id='word_1_185' title='bbox 1204 1213 1241 1244; x_wconf 91' lang='lat' dir='ltr'>de</span> <span class='ocrx_word' id='word_1_186' title='bbox 1254 1223 1284 1244; x_wconf 88' lang='lat' dir='ltr'>re</span> <span class='ocrx_word' id='word_1_187' title='bbox 1296 1211 1388 1244; x_wconf 86' lang='lat' dir='ltr'>videri</span> <span class='ocrx_word' id='word_1_188' title='bbox 1396 1211 1623 1254; x_wconf 85' lang='lat' dir='ltr'>Epigrammata</span> <span class='ocrx_word' id='word_1_189' title='bbox 1635 1211 1712 1244; x_wconf 87' lang='lat' dir='ltr'>Petri</span> <span class='ocrx_word' id='word_1_190' title='bbox 1726 1213 1863 1247; x_wconf 81' lang='lat' dir='ltr'>Scriverii</span> 
     </span>
     <span class='ocr_line' id='line_1_19' title="bbox 295 1254 1734 1295; baseline -0.004 -4"><span class='ocrx_word' id='word_1_191' title='bbox 295 1263 324 1292; x_wconf 90' lang='lat'>6.</span> <span class='ocrx_word' id='word_1_192' title='bbox 346 1260 400 1290; x_wconf 79' lang='grc' dir='ltr'>ΡΑ</span> <span class='ocrx_word' id='word_1_193' title='bbox 409 1268 429 1289; x_wconf 81' lang='lat' dir='ltr'>R</span> <span class='ocrx_word' id='word_1_194' title='bbox 438 1268 456 1289; x_wconf 99' lang='grc' dir='ltr'>Ε</span> <span class='ocrx_word' id='word_1_195' title='bbox 465 1260 500 1295; x_wconf 87' lang='lat' dir='ltr'>s]</span> <span class='ocrx_word' id='word_1_196' title='bbox 524 1258 650 1288; x_wconf 82' lang='lat' dir='ltr'>Similes.</span> <span class='ocrx_word' id='word_1_197' title='bbox 679 1256 815 1288; x_wconf 84' lang='lat' dir='ltr'>Refertur</span> <span class='ocrx_word' id='word_1_198' title='bbox 835 1256 871 1286; x_wconf 83' lang='lat' dir='ltr'>ad</span> <span class='ocrx_word' id='word_1_199' title='bbox 884 1261 1036 1286; x_wconf 79' lang='lat' dir='ltr'>externam</span> <span class='ocrx_word' id='word_1_200' title='bbox 1078 1257 1108 1286; x_wconf 90' lang='lat' dir='ltr'>in</span> <span class='ocrx_word' id='word_1_201' title='bbox 1122 1255 1268 1287; x_wconf 74' lang='lat' dir='ltr'>Amoribus</span> <span class='ocrx_word' id='word_1_202' title='bbox 1281 1255 1395 1285; x_wconf 80' lang='lat' dir='ltr'>Raudii</span> <span class='ocrx_word' id='word_1_203' title='bbox 1400 1279 1409 1294; x_wconf 86' lang='lat'>,</span> <span class='ocrx_word' id='word_1_204' title='bbox 1431 1255 1467 1285; x_wconf 89' lang='lat' dir='ltr'>ab</span> <span class='ocrx_word' id='word_1_205' title='bbox 1481 1254 1627 1286; x_wconf 88' lang='lat' dir='ltr'>Scriverio</span> <span class='ocrx_word' id='word_1_206' title='bbox 1641 1254 1734 1285; x_wconf 85' lang='lat' dir='ltr'>editis.</span> 
     </span>
     <span class='ocr_line' id='line_1_20' title="bbox 254 1295 1862 1343; baseline -0.003 -9"><span class='ocrx_word' id='word_1_207' title='bbox 254 1304 381 1343; x_wconf 84' lang='lat' dir='ltr'>speciem</span> <span class='ocrx_word' id='word_1_208' title='bbox 393 1303 442 1331; x_wconf 83' lang='lat' dir='ltr'>vel</span> <span class='ocrx_word' id='word_1_209' title='bbox 456 1306 580 1330; x_wconf 77' lang='lat' dir='ltr'>aetatcm</span> <span class='ocrx_word' id='word_1_210' title='bbox 1120 1296 1148 1327; x_wconf 91' lang='lat' dir='ltr'>C</span> <span class='ocrx_word' id='word_1_211' title='bbox 1157 1306 1179 1327; x_wconf 85' lang='lat' dir='ltr'><strong>U</strong></span> <span class='ocrx_word' id='word_1_212' title='bbox 1188 1305 1209 1326; x_wconf 87' lang='lat' dir='ltr'>R</span> <span class='ocrx_word' id='word_1_213' title='bbox 1218 1297 1263 1331; x_wconf 83' lang='lat' dir='ltr'>A]</span> <span class='ocrx_word' id='word_1_214' title='bbox 1285 1295 1368 1326; x_wconf 84' lang='lat' dir='ltr'>Cura</span> <span class='ocrx_word' id='word_1_215' title='bbox 1388 1298 1535 1338; x_wconf 83' lang='lat' dir='ltr'>eleganter</span> <span class='ocrx_word' id='word_1_216' title='bbox 1556 1295 1661 1326; x_wconf 88' lang='lat' dir='ltr'>dicitur</span> <span class='ocrx_word' id='word_1_217' title='bbox 1681 1295 1719 1326; x_wconf 91' lang='lat' dir='ltr'>de</span> <span class='ocrx_word' id='word_1_218' title='bbox 1732 1297 1862 1339; x_wconf 82' lang='lat' dir='ltr'>capillis,</span> 
     </span>
     <span class='ocr_line' id='line_1_21' title="bbox 298 1336 1863 1383; baseline -0.001 -10"><span class='ocrx_word' id='word_1_219' title='bbox 298 1352 325 1383; x_wconf 85' lang='lat'>7.</span> <span class='ocrx_word' id='word_1_220' title='bbox 348 1341 377 1372; x_wconf 92' lang='lat' dir='ltr'>L</span> <span class='ocrx_word' id='word_1_221' title='bbox 385 1351 403 1372; x_wconf 89' lang='grc' dir='ltr'>Ε</span> <span class='ocrx_word' id='word_1_222' title='bbox 412 1351 430 1372; x_wconf 87' lang='lat' dir='ltr'><strong><em>G</em></strong></span> <span class='ocrx_word' id='word_1_223' title='bbox 441 1351 458 1372; x_wconf 91' lang='grc' dir='ltr'>Ε</span> <span class='ocrx_word' id='word_1_224' title='bbox 468 1351 487 1372; x_wconf 84' lang='lat' dir='ltr'>R</span> <span class='ocrx_word' id='word_1_225' title='bbox 497 1350 514 1371; x_wconf 89' lang='grc' dir='ltr'>Ε</span> <span class='ocrx_word' id='word_1_226' title='bbox 525 1344 536 1378; x_wconf 85' lang='lat'>]</span> <span class='ocrx_word' id='word_1_227' title='bbox 558 1339 720 1379; x_wconf 78' lang='lat' dir='ltr'>Coeperunt</span> <span class='ocrx_word' id='word_1_228' title='bbox 729 1338 847 1380; x_wconf 86' lang='lat' dir='ltr'>seligere</span> <span class='ocrx_word' id='word_1_229' title='bbox 860 1347 920 1370; x_wconf 88' lang='lat' dir='ltr'>una</span> <span class='ocrx_word' id='word_1_230' title='bbox 934 1346 1035 1376; x_wconf 80' lang='lat' dir='ltr'>canos,</span> <span class='ocrx_word' id='word_1_231' title='bbox 1079 1347 1152 1368; x_wconf 92' lang='lat' dir='ltr'>cum</span> <span class='ocrx_word' id='word_1_232' title='bbox 1164 1337 1270 1376; x_wconf 84' lang='lat' dir='ltr'>aliquis</span> <span class='ocrx_word' id='word_1_233' title='bbox 1285 1338 1315 1366; x_wconf 89' lang='lat' dir='ltr'>in</span> <span class='ocrx_word' id='word_1_234' title='bbox 1330 1338 1363 1367; x_wconf 88' lang='lat' dir='ltr'>iis</span> <span class='ocrx_word' id='word_1_235' title='bbox 1372 1337 1512 1368; x_wconf 84' lang='lat' dir='ltr'>ornandis</span> <span class='ocrx_word' id='word_1_236' title='bbox 1520 1338 1643 1377; x_wconf 86' lang='lat' dir='ltr'>diligens</span> <span class='ocrx_word' id='word_1_237' title='bbox 1652 1336 1698 1368; x_wconf 90' lang='lat' dir='ltr'>est.</span> <span class='ocrx_word' id='word_1_238' title='bbox 1722 1336 1781 1369; x_wconf 90' lang='lat' dir='ltr'>Uti</span> <span class='ocrx_word' id='word_1_239' title='bbox 1790 1349 1863 1371; x_wconf 91' lang='lat' dir='ltr'>con-</span> 
     </span>
     <span class='ocr_line' id='line_1_22' title="bbox 253 1378 1863 1424; baseline -0.004 -8"><span class='ocrx_word' id='word_1_240' title='bbox 253 1388 346 1418; x_wconf 72' lang='lat' dir='ltr'>altcra</span> <span class='ocrx_word' id='word_1_241' title='bbox 361 1385 460 1424; x_wconf 82' lang='lat' dir='ltr'>nigros</span> <span class='ocrx_word' id='word_1_242' title='bbox 474 1381 652 1413; x_wconf 79' lang='lat' dir='ltr'>evellendos.</span> <span class='ocrx_word' id='word_1_243' title='bbox 1078 1386 1122 1408; x_wconf 89' lang='lat' dir='ltr'>tra</span> <span class='ocrx_word' id='word_1_244' title='bbox 1137 1378 1174 1408; x_wconf 88' lang='lat' dir='ltr'>de</span> <span class='ocrx_word' id='word_1_245' title='bbox 1188 1379 1353 1419; x_wconf 85' lang='lat' dir='ltr'>negligente</span> <span class='ocrx_word' id='word_1_246' title='bbox 1367 1378 1491 1408; x_wconf 83' lang='lat' dir='ltr'>Incuria.</span> <span class='ocrx_word' id='word_1_247' title='bbox 1519 1378 1639 1416; x_wconf 84' lang='lat' dir='ltr'>Apulej.</span> <span class='ocrx_word' id='word_1_248' title='bbox 1654 1380 1684 1408; x_wconf 93' lang='lat' dir='ltr'>in</span> <span class='ocrx_word' id='word_1_249' title='bbox 1698 1379 1863 1423; x_wconf 77' lang='lat' dir='ltr'>Apologia,</span> 
     </span>
    </p>
   </div>
   <div class='ocr_carea' id='block_1_5' title="bbox 294 1418 1776 1463">
    <p class='ocr_par' dir='ltr' id='par_1_6' title="bbox 294 1418 1776 1463">
     <span class='ocr_line' id='line_1_23' title="bbox 294 1418 1776 1463; baseline -0.005 -6"><span class='ocrx_word' id='word_1_250' title='bbox 294 1426 325 1458; x_wconf 77' lang='lat'>8.</span> <span class='ocrx_word' id='word_1_251' title='bbox 348 1424 445 1456; x_wconf 65' lang='lat' dir='ltr'>ch</span> <span class='ocrx_word' id='word_1_252' title='bbox 456 1426 486 1460; x_wconf 86' lang='lat'>1]</span> <span class='ocrx_word' id='word_1_253' title='bbox 510 1422 628 1454; x_wconf 87' lang='lat' dir='ltr'>Ornari.</span> <span class='ocrx_word' id='word_1_254' title='bbox 652 1422 715 1453; x_wconf 80' lang='lat' dir='ltr'>Alii</span> <span class='ocrx_word' id='word_1_255' title='bbox 732 1424 831 1463; x_wconf 85' lang='lat' dir='ltr'>legunt</span> <span class='ocrx_word' id='word_1_256' title='bbox 839 1423 940 1463; x_wconf 78' lang='lat' dir='ltr'>pingi,</span> <span class='ocrx_word' id='word_1_257' title='bbox 954 1418 1037 1449; x_wconf 77' lang='lat' dir='ltr'>&amp;ex-</span> <span class='ocrx_word' id='word_1_258' title='bbox 1078 1419 1204 1461; x_wconf 74' lang='lat' dir='ltr'>Capillus</span> <span class='ocrx_word' id='word_1_259' title='bbox 1213 1419 1320 1461; x_wconf 72' lang='lat' dir='ltr'>prorsus</span> <span class='ocrx_word' id='word_1_260' title='bbox 1333 1419 1512 1451; x_wconf 67' lang='lat' dir='ltr'>inenodabilis</span> <span class='ocrx_word' id='word_1_261' title='bbox 1525 1420 1640 1450; x_wconf 78' lang='lat' dir='ltr'>diutina</span> <span class='ocrx_word' id='word_1_262' title='bbox 1654 1422 1776 1450; x_wconf 77' lang='lat' dir='ltr'>incuria.</span> 
     </span>
    </p>
   </div>
   <div class='ocr_carea' id='block_1_6' title="bbox 621 1551 1481 1634">
    <p class='ocr_par' dir='ltr' id='par_1_7' title="bbox 621 1551 1481 1634">
     <span class='ocr_line' id='line_1_24' title="bbox 621 1551 1481 1634; baseline -0.005 0"><span class='ocrx_word' id='word_1_263' title='bbox 621 1552 681 1634; x_wconf 87' lang='lat' dir='ltr'><strong>F</strong></span> <span class='ocrx_word' id='word_1_264' title='bbox 795 1551 879 1631; x_wconf 81' lang='lat' dir='ltr'><strong>A</strong></span> <span class='ocrx_word' id='word_1_265' title='bbox 993 1552 1081 1631; x_wconf 90' lang='lat' dir='ltr'>B.</span> <span class='ocrx_word' id='word_1_266' title='bbox 1247 1551 1481 1632; x_wconf 92' lang='grc' dir='ltr'><strong>ΙΙΙ.</strong></span> 
     </span>
    </p>
   </div>
   <div class='ocr_carea' id='block_1_7' title="bbox 526 1688 1596 1733">
    <p class='ocr_par' dir='ltr' id='par_1_8' title="bbox 526 1688 1596 1733">
     <span class='ocr_line' id='line_1_25' title="bbox 526 1688 1596 1733; baseline -0.003 0"><span class='ocrx_word' id='word_1_267' title='bbox 526 1689 873 1733; x_wconf 86' lang='lat' dir='ltr'>HOMO</span> <span class='ocrx_word' id='word_1_268' title='bbox 975 1688 1103 1730; x_wconf 89' lang='lat' dir='ltr'>ET</span> <span class='ocrx_word' id='word_1_269' title='bbox 1196 1689 1596 1732; x_wconf 78' lang='lat' dir='ltr'>CANIS,</span> 
     </span>
    </p>
   </div>
   <div class='ocr_carea' id='block_1_8' title="bbox 260 1782 1855 1968">
    <p class='ocr_par' dir='ltr' id='par_1_9' title="bbox 260 1782 1855 1968">
     <span class='ocr_line' id='line_1_26' title="bbox 260 1782 1855 1907; baseline -0.005 -52"><span class='ocrx_word' id='word_1_270' title='bbox 260 1791 691 1907; x_wconf 61' lang='lat' dir='ltr'>L‘AC&#39;ERATUS</span> <span class='ocrx_word' id='word_1_271' title='bbox 732 1784 976 1870; x_wconf 81' lang='lat' dir='ltr'>quidam</span> <span class='ocrx_word' id='word_1_272' title='bbox 1001 1782 1198 1846; x_wconf 85' lang='lat' dir='ltr'>morsu</span> <span class='ocrx_word' id='word_1_273' title='bbox 1227 1782 1598 1849; x_wconf 83' lang='lat' dir='ltr'>vehementis</span> <span class='ocrx_word' id='word_1_274' title='bbox 1632 1786 1855 1855; x_wconf 83' lang='lat' dir='ltr'>Canis,</span> 
     </span>
     <span class='ocr_line' id='line_1_27' title="bbox 364 1882 1648 1968; baseline -0.007 -15"><span class='ocrx_word' id='word_1_275' title='bbox 364 1891 653 1953; x_wconf 68' lang='lat' dir='ltr'>Tincstum</span> <span class='ocrx_word' id='word_1_276' title='bbox 670 1905 875 1947; x_wconf 81' lang='lat' dir='ltr'>cruore</span> <span class='ocrx_word' id='word_1_277' title='bbox 907 1905 1127 1968; x_wconf 80' lang='lat' dir='ltr'>panem</span> <span class='ocrx_word' id='word_1_278' title='bbox 1155 1883 1311 1943; x_wconf 80' lang='lat' dir='ltr'>misit</span> <span class='ocrx_word' id='word_1_279' title='bbox 1338 1882 1648 1958; x_wconf 82' lang='lat' dir='ltr'>malefic0‚</span> 
     </span>
    </p>
   </div>
   <div class='ocr_carea' id='block_1_9' title="bbox 801 1983 1836 2098">
    <p class='ocr_par' dir='ltr' id='par_1_10' title="bbox 801 1983 1836 2098">
     <span class='ocr_line' id='line_1_28' title="bbox 801 1983 1836 2098; baseline -0.006 0"><span class='ocrx_word' id='word_1_280' title='bbox 801 2067 908 2098; x_wconf 90' lang='lat' dir='ltr'>AD</span> <span class='ocrx_word' id='word_1_281' title='bbox 974 2064 1320 2097; x_wconf 89' lang='lat' dir='ltr'>FAB.III.</span> <span class='ocrx_word' id='word_1_282' title='bbox 1730 1983 1836 2044; x_wconf 78' lang='lat' dir='ltr'>Au</span> 
     </span>
    </p>
   </div>
   <div class='ocr_carea' id='block_1_10' title="bbox 261 2121 1862 2290">
    <p class='ocr_par' dir='ltr' id='par_1_11' title="bbox 303 2121 1862 2165">
     <span class='ocr_line' id='line_1_29' title="bbox 303 2121 1862 2165; baseline -0.004 -6"><span class='ocrx_word' id='word_1_283' title='bbox 303 2139 331 2160; x_wconf 89' lang='lat'>1.</span> <span class='ocrx_word' id='word_1_284' title='bbox 354 2128 551 2159; x_wconf 74' lang='lat' dir='ltr'>LACERAT</span> <span class='ocrx_word' id='word_1_285' title='bbox 562 2131 628 2165; x_wconf 69' lang='lat' dir='ltr'>us]</span> <span class='ocrx_word' id='word_1_286' title='bbox 652 2125 764 2156; x_wconf 87' lang='lat' dir='ltr'>Confer</span> <span class='ocrx_word' id='word_1_287' title='bbox 779 2123 885 2163; x_wconf 83' lang='lat' dir='ltr'>AEsopi</span> <span class='ocrx_word' id='word_1_288' title='bbox 900 2124 971 2154; x_wconf 85' lang='lat' dir='ltr'>Fab.</span> <span class='ocrx_word' id='word_1_289' title='bbox 991 2132 1038 2161; x_wconf 88' lang='lat'>25.</span> <span class='ocrx_word' id='word_1_290' title='bbox 1081 2124 1122 2153; x_wconf 85' lang='lat' dir='ltr'>cis</span> <span class='ocrx_word' id='word_1_291' title='bbox 1136 2122 1253 2153; x_wconf 83' lang='lat' dir='ltr'>Horatii</span> <span class='ocrx_word' id='word_1_292' title='bbox 1268 2121 1297 2152; x_wconf 68' lang='grc' dir='ltr'>ὅ(</span> <span class='ocrx_word' id='word_1_293' title='bbox 1311 2121 1421 2152; x_wconf 83' lang='lat' dir='ltr'>Catulli</span> <span class='ocrx_word' id='word_1_294' title='bbox 1436 2146 1444 2161; x_wconf 85' lang='lat'>‚</span> <span class='ocrx_word' id='word_1_295' title='bbox 1466 2132 1530 2162; x_wconf 78' lang='lat' dir='ltr'>quae</span> <span class='ocrx_word' id='word_1_296' title='bbox 1543 2122 1711 2153; x_wconf 81' lang='lat' dir='ltr'>adferuntur</span> <span class='ocrx_word' id='word_1_297' title='bbox 1725 2123 1762 2153; x_wconf 83' lang='lat' dir='ltr'>ab</span> <span class='ocrx_word' id='word_1_298' title='bbox 1777 2123 1862 2154; x_wconf 85' lang='lat' dir='ltr'>inter-</span> 
     </span>
    </p>

    <p class='ocr_par' dir='ltr' id='par_1_12' title="bbox 261 2162 1862 2290">
     <span class='ocr_line' id='line_1_30' title="bbox 304 2162 1862 2204; baseline -0.003 -4"><span class='ocrx_word' id='word_1_299' title='bbox 304 2170 589 2201; x_wconf 66' lang='lat' dir='ltr'>VEnEMENTrsl</span> <span class='ocrx_word' id='word_1_300' title='bbox 613 2167 657 2198; x_wconf 85' lang='lat' dir='ltr'>Ira</span> <span class='ocrx_word' id='word_1_301' title='bbox 677 2167 826 2197; x_wconf 82' lang='lat' dir='ltr'>concitati.</span> <span class='ocrx_word' id='word_1_302' title='bbox 856 2165 956 2196; x_wconf 90' lang='lat' dir='ltr'>Miror</span> <span class='ocrx_word' id='word_1_303' title='bbox 977 2163 1041 2194; x_wconf 91' lang='lat' dir='ltr'>Rit-</span> <span class='ocrx_word' id='word_1_304' title='bbox 1081 2165 1216 2203; x_wconf 77' lang='lat' dir='ltr'>pretibuS.</span> <span class='ocrx_word' id='word_1_305' title='bbox 1251 2163 1343 2204; x_wconf 88' lang='lat' dir='ltr'>Quod</span> <span class='ocrx_word' id='word_1_306' title='bbox 1358 2164 1451 2194; x_wconf 86' lang='lat' dir='ltr'>sciunt</span> <span class='ocrx_word' id='word_1_307' title='bbox 1466 2166 1514 2204; x_wconf 88' lang='lat' dir='ltr'>qui</span> <span class='ocrx_word' id='word_1_308' title='bbox 1529 2166 1637 2195; x_wconf 85' lang='lat' dir='ltr'>callent</span> <span class='ocrx_word' id='word_1_309' title='bbox 1656 2171 1750 2196; x_wconf 84' lang='lat' dir='ltr'>artem</span> <span class='ocrx_word' id='word_1_310' title='bbox 1763 2162 1862 2196; x_wconf 81' lang='lat' dir='ltr'>metri-</span> 
     </span>
     <span class='ocr_line' id='line_1_31' title="bbox 261 2206 1833 2248; baseline -0.008 -6"><span class='ocrx_word' id='word_1_311' title='bbox 261 2212 450 2247; x_wconf 74' lang='lat' dir='ltr'>tershulium,</span> <span class='ocrx_word' id='word_1_312' title='bbox 472 2220 561 2248; x_wconf 87' lang='lat' dir='ltr'>quem</span> <span class='ocrx_word' id='word_1_313' title='bbox 574 2209 700 2247; x_wconf 85' lang='lat' dir='ltr'>sequitur</span> <span class='ocrx_word' id='word_1_314' title='bbox 713 2207 813 2237; x_wconf 85' lang='lat' dir='ltr'>Petrus</span> <span class='ocrx_word' id='word_1_315' title='bbox 826 2206 978 2245; x_wconf 82' lang='lat' dir='ltr'>Danetus,</span> <span class='ocrx_word' id='word_1_316' title='bbox 995 2207 1041 2236; x_wconf 91' lang='lat' dir='ltr'>hic</span> <span class='ocrx_word' id='word_1_317' title='bbox 1083 2215 1160 2236; x_wconf 88' lang='lat' dir='ltr'>cam.</span> <span class='ocrx_word' id='word_1_318' title='bbox 1829 2228 1833 2240; x_wconf 52' lang='lat'>¹</span> 
     </span>
     <span class='ocr_line' id='line_1_32' title="bbox 262 2245 1859 2290; baseline -0.005 -6"><span class='ocrx_word' id='word_1_319' title='bbox 262 2254 410 2284; x_wconf 80' lang='lat' dir='ltr'>advocare</span> <span class='ocrx_word' id='word_1_320' title='bbox 425 2251 586 2290; x_wconf 76' lang='lat' dir='ltr'>Synizcfin,</span> <span class='ocrx_word' id='word_1_321' title='bbox 608 2250 635 2280; x_wconf 91' lang='lat' dir='ltr'>id</span> <span class='ocrx_word' id='word_1_322' title='bbox 651 2249 704 2287; x_wconf 82' lang='lat' dir='ltr'>est,</span> <span class='ocrx_word' id='word_1_323' title='bbox 726 2250 851 2279; x_wconf 86' lang='lat' dir='ltr'>duarum</span> <span class='ocrx_word' id='word_1_324' title='bbox 866 2249 1042 2288; x_wconf 86' lang='lat' dir='ltr'>syllabarum</span> <span class='ocrx_word' id='word_1_325' title='bbox 1125 2257 1152 2276; x_wconf 87' lang='lat'>2.</span> <span class='ocrx_word' id='word_1_326' title='bbox 1175 2245 1325 2283; x_wconf 79' lang='lat' dir='ltr'>MisiT]</span> <span class='ocrx_word' id='word_1_327' title='bbox 1348 2246 1475 2285; x_wconf 86' lang='lat' dir='ltr'>Projccit</span> <span class='ocrx_word' id='word_1_328' title='bbox 1489 2248 1545 2286; x_wconf 83' lang='lat' dir='ltr'>ipfi.</span> <span class='ocrx_word' id='word_1_329' title='bbox 1561 2247 1859 2288; x_wconf 83' lang='lat' dir='ltr'>Itasup.lib.1.23.3.</span> 
     </span>
    </p>
   </div>
   <div class='ocr_carea' id='block_1_11' title="bbox 263 2287 1821 2458">
    <p class='ocr_par' dir='ltr' id='par_1_13' title="bbox 263 2287 1817 2331">
     <span class='ocr_line' id='line_1_33' title="bbox 263 2287 1817 2331; baseline -0.005 -6"><span class='ocrx_word' id='word_1_330' title='bbox 263 2294 500 2325; x_wconf 62' lang='lat' dir='ltr'>contraclionem</span> <span class='ocrx_word' id='word_1_331' title='bbox 523 2294 551 2321; x_wconf 92' lang='lat' dir='ltr'>in</span> <span class='ocrx_word' id='word_1_332' title='bbox 573 2300 680 2327; x_wconf 81' lang='lat' dir='ltr'>unam,</span> <span class='ocrx_word' id='word_1_333' title='bbox 703 2300 773 2320; x_wconf 86' lang='lat' dir='ltr'>cum</span> <span class='ocrx_word' id='word_1_334' title='bbox 788 2291 859 2320; x_wconf 85' lang='lat' dir='ltr'>nihil</span> <span class='ocrx_word' id='word_1_335' title='bbox 875 2291 906 2321; x_wconf 85' lang='lat' dir='ltr'>fit</span> <span class='ocrx_word' id='word_1_336' title='bbox 921 2288 1040 2320; x_wconf 74' lang='lat' dir='ltr'>necess&#39;e.</span> <span class='ocrx_word' id='word_1_337' title='bbox 1163 2287 1323 2318; x_wconf 62' lang='lat' dir='ltr'>Nocturnus</span> <span class='ocrx_word' id='word_1_338' title='bbox 1342 2300 1429 2331; x_wconf 83' lang='lat' dir='ltr'>quum</span> <span class='ocrx_word' id='word_1_339' title='bbox 1437 2290 1491 2327; x_wconf 83' lang='lat' dir='ltr'>fur</span> <span class='ocrx_word' id='word_1_340' title='bbox 1500 2297 1606 2330; x_wconf 81' lang='lat' dir='ltr'>panem</span> <span class='ocrx_word' id='word_1_341' title='bbox 1621 2288 1729 2330; x_wconf 79' lang='lat' dir='ltr'>mififfit</span> <span class='ocrx_word' id='word_1_342' title='bbox 1744 2291 1817 2319; x_wconf 80' lang='lat' dir='ltr'><em>cani.</em></span> 
     </span>
    </p>

    <p class='ocr_par' dir='ltr' id='par_1_14' title="bbox 263 2327 1311 2372">
     <span class='ocr_line' id='line_1_34' title="bbox 263 2327 1311 2372; baseline -0.009 -6"><span class='ocrx_word' id='word_1_343' title='bbox 263 2336 326 2366; x_wconf 88' lang='lat' dir='ltr'>Hic</span> <span class='ocrx_word' id='word_1_344' title='bbox 341 2335 436 2365; x_wconf 80' lang='lat' dir='ltr'>versus</span> <span class='ocrx_word' id='word_1_345' title='bbox 453 2340 554 2372; x_wconf 81' lang='lat' dir='ltr'>quarta</span> <span class='ocrx_word' id='word_1_346' title='bbox 569 2332 632 2362; x_wconf 85' lang='lat' dir='ltr'>sede</span> <span class='ocrx_word' id='word_1_347' title='bbox 647 2331 745 2370; x_wconf 85' lang='lat' dir='ltr'>recipit</span> <span class='ocrx_word' id='word_1_348' title='bbox 760 2331 925 2370; x_wconf 54' lang='lat' dir='ltr'>melfium,</span> <span class='ocrx_word' id='word_1_349' title='bbox 947 2331 1042 2370; x_wconf 84' lang='lat' dir='ltr'>qualis</span> <span class='ocrx_word' id='word_1_350' title='bbox 1084 2327 1121 2359; x_wconf 79' lang='lat' dir='ltr'>Et</span> <span class='ocrx_word' id='word_1_351' title='bbox 1136 2329 1184 2359; x_wconf 89' lang='lat' dir='ltr'>lib.</span> <span class='ocrx_word' id='word_1_352' title='bbox 1202 2338 1227 2368; x_wconf 84' lang='lat'>3.</span> <span class='ocrx_word' id='word_1_353' title='bbox 1243 2339 1268 2359; x_wconf 35' lang='lat'>2⁴</span> <span class='ocrx_word' id='word_1_354' title='bbox 1286 2339 1311 2366; x_wconf 65' lang='grc' dir='ltr'>ς.</span> 
     </span>
    </p>

    <p class='ocr_par' dir='ltr' id='par_1_15' title="bbox 265 2369 1821 2458">
     <span class='ocr_line' id='line_1_35' title="bbox 265 2369 1821 2417; baseline -0.004 -10"><span class='ocrx_word' id='word_1_355' title='bbox 265 2379 376 2417; x_wconf 86' lang='lat' dir='ltr'>ptimus</span> <span class='ocrx_word' id='word_1_356' title='bbox 393 2378 476 2415; x_wconf 69' lang='lat' dir='ltr'>liujus</span> <span class='ocrx_word' id='word_1_357' title='bbox 491 2375 578 2404; x_wconf 87' lang='lat' dir='ltr'>libelli</span> <span class='ocrx_word' id='word_1_358' title='bbox 591 2397 599 2411; x_wconf 83' lang='lat'><strong>‚</strong></span> <span class='ocrx_word' id='word_1_359' title='bbox 1164 2369 1307 2399; x_wconf 64' lang='lat' dir='ltr'>Peritum</span> <span class='ocrx_word' id='word_1_360' title='bbox 1323 2374 1438 2412; x_wconf 71' lang='lat' dir='ltr'>quippe,</span> <span class='ocrx_word' id='word_1_361' title='bbox 1460 2370 1590 2414; x_wconf 50' lang='lat' dir='ltr'>quamv&amp;</span> <span class='ocrx_word' id='word_1_362' title='bbox 1604 2381 1682 2400; x_wconf 75' lang='lat' dir='ltr'>nemo</span> <span class='ocrx_word' id='word_1_363' title='bbox 1697 2370 1821 2409; x_wconf 81' lang='lat' dir='ltr'>laederet‚</span> 
     </span>
     <span class='ocr_line' id='line_1_36' title="bbox 348 2410 1764 2458; baseline -0.004 -12"><span class='ocrx_word' id='word_1_364' title='bbox 348 2418 452 2458; x_wconf 75' lang='lat' dir='ltr'>AEsopm</span> <span class='ocrx_word' id='word_1_365' title='bbox 467 2415 562 2445; x_wconf 62' lang='lat' dir='ltr'>mtfft‘or</span> <span class='ocrx_word' id='word_1_366' title='bbox 576 2425 661 2457; x_wconf 77' lang='lat' dir='ltr'>quam</span> <span class='ocrx_word' id='word_1_367' title='bbox 676 2417 829 2444; x_wconf 78' lang='lat' dir='ltr'>materiam</span> <span class='ocrx_word' id='word_1_368' title='bbox 844 2417 974 2455; x_wconf 83' lang='lat' dir='ltr'>repperit.</span> <span class='ocrx_word' id='word_1_369' title='bbox 1164 2410 1273 2449; x_wconf 54' lang='lat' dir='ltr'>llslrferi:</span> <span class='ocrx_word' id='word_1_370' title='bbox 1281 2420 1402 2453; x_wconf 55' lang='lat' dir='ltr'>panem,</span> <span class='ocrx_word' id='word_1_371' title='bbox 1424 2412 1764 2453; x_wconf 73' lang='lat' dir='ltr'>utfitstineretspiritum.</span> 
     </span>
    </p>
   </div>
   <div class='ocr_carea' id='block_1_12' title="bbox 263 2451 1863 2540">
    <p class='ocr_par' dir='ltr' id='par_1_16' title="bbox 263 2451 1863 2540">
     <span class='ocr_line' id='line_1_37' title="bbox 265 2451 1863 2498; baseline -0.006 -8"><span class='ocrx_word' id='word_1_372' title='bbox 265 2458 333 2489; x_wconf 79' lang='lat' dir='ltr'>Nisi</span> <span class='ocrx_word' id='word_1_373' title='bbox 354 2468 417 2498; x_wconf 81' lang='lat' dir='ltr'>quis</span> <span class='ocrx_word' id='word_1_374' title='bbox 437 2459 505 2487; x_wconf 80' lang='lat' dir='ltr'>velit</span> <span class='ocrx_word' id='word_1_375' title='bbox 525 2459 677 2485; x_wconf 69' lang='lat' dir='ltr'>materiam</span> <span class='ocrx_word' id='word_1_376' title='bbox 699 2455 792 2485; x_wconf 77' lang='lat' dir='ltr'>facere</span> <span class='ocrx_word' id='word_1_377' title='bbox 813 2456 902 2485; x_wconf 85' lang='lat' dir='ltr'>trium</span> <span class='ocrx_word' id='word_1_378' title='bbox 923 2455 1044 2494; x_wconf 81' lang='lat' dir='ltr'>syllaba·</span> <span class='ocrx_word' id='word_1_379' title='bbox 1127 2451 1373 2490; x_wconf 66' lang='lat' dir='ltr'>MALEfico]</span> <span class='ocrx_word' id='word_1_380' title='bbox 1396 2454 1583 2494; x_wconf 80' lang='lat' dir='ltr'>Quimalum</span> <span class='ocrx_word' id='word_1_381' title='bbox 1595 2453 1711 2491; x_wconf 81' lang='lat' dir='ltr'>fecerat,</span> <span class='ocrx_word' id='word_1_382' title='bbox 1720 2453 1769 2490; x_wconf 90' lang='lat' dir='ltr'>qui</span> <span class='ocrx_word' id='word_1_383' title='bbox 1783 2461 1863 2482; x_wconf 88' lang='lat' dir='ltr'>mor-</span> 
     </span>
     <span class='ocr_line' id='line_1_38' title="bbox 263 2492 1248 2540; baseline -0.009 -8"><span class='ocrx_word' id='word_1_384' title='bbox 263 2510 349 2539; x_wconf 59' lang='lat' dir='ltr'>sum,</span> <span class='ocrx_word' id='word_1_385' title='bbox 371 2500 452 2540; x_wconf 88' lang='lat' dir='ltr'>quod</span> <span class='ocrx_word' id='word_1_386' title='bbox 466 2498 634 2530; x_wconf 85' lang='lat' dir='ltr'>ridiculum.</span> <span class='ocrx_word' id='word_1_387' title='bbox 656 2496 750 2528; x_wconf 84' lang='lat' dir='ltr'>Aliter</span> <span class='ocrx_word' id='word_1_388' title='bbox 764 2506 807 2528; x_wconf 82' lang='lat' dir='ltr'>res</span> <span class='ocrx_word' id='word_1_389' title='bbox 821 2496 849 2527; x_wconf 84' lang='lat' dir='ltr'>sc</span> <span class='ocrx_word' id='word_1_390' title='bbox 865 2498 948 2528; x_wconf 87' lang='lat' dir='ltr'>habet</span> <span class='ocrx_word' id='word_1_391' title='bbox 963 2498 992 2528; x_wconf 86' lang='lat' dir='ltr'>in</span> <span class='ocrx_word' id='word_1_392' title='bbox 1002 2499 1045 2527; x_wconf 91' lang='lat' dir='ltr'>lo-</span> <span class='ocrx_word' id='word_1_393' title='bbox 1086 2492 1118 2524; x_wconf 91' lang='lat' dir='ltr'>su</span> <span class='ocrx_word' id='word_1_394' title='bbox 1134 2493 1248 2524; x_wconf 77' lang='lat' dir='ltr'>laescrat.</span> 
     </span>
    </p>
   </div>
   <div class='ocr_carea' id='block_1_13' title="bbox 1687 2533 1868 2574">
    <p class='ocr_par' dir='ltr' id='par_1_17' title="bbox 1687 2533 1868 2574">
     <span class='ocr_line' id='line_1_39' title="bbox 1687 2533 1868 2574; baseline 0 -8"><span class='ocrx_word' id='word_1_395' title='bbox 1687 2534 1715 2566; x_wconf 87' lang='lat'>6.</span> <span class='ocrx_word' id='word_1_396' title='bbox 1737 2533 1868 2574; x_wconf 71' lang='lat' dir='ltr'>TALrj.</span> 
     </span>
    </p>
   </div>
  </div>
 </body>
</html>
