2007 2771
233 100 554 176 LIBRI
607 100 732 166 IV.
829 100 1314 165 FABULA
1376 106 1538 167 XII.
1634 130 1746 177 107

152 204 452 270 Veniente
479 197 686 267 Pluto,
732 199 838 280 qui
869 193 1118 258 fortunae
1148 198 1231 259 est
1250 193 1410 263 'filius
1432 245 1450 269 ‚

149 301 393 364 Avertit
419 295 638 358 oculos,
687 292 943 355 Causam
974 295 1230 379 quaefivit
1257 301 1431 360 Pater.

152 395 317 468 Odi,
353 395 576 476 inquit,
615 389 818 457 illum,
863 394 1000 476 quia
1029 393 1198 453 malis
1231 398 1454 458 amicus
1484 397 1595 471 est,

148 490 452 573 Simulque
482 488 721 565 objee'co
747 490 953 552 cuneta
983 496 1304 576 corrumpit
1333 494 1512 556 lucrO.

147 590 211 623 Ubi
234 590 313 621 idem
334 588 448 619 videtur
469 587 524 618 esse
538 586 705 628 gratulari,
727 588 807 627 quod
821 589 927 628 gratias
968 590 1073 620 oculos
1086 597 1234 622 averteret.
1300 606 1305 610 ·

143 641 237 674 agere.
279 630 372 670 Quod
387 630 405 660 fi
420 632 459 660 ita
473 630 504 659 fit
518 653 526 668 ‚
553 633 616 660 non
637 634 699 659 tam
714 629 834 660 attendit
849 630 927 660 Phae-
1007 629 1166 669 PATER]
1189 631 1312 672 Jupiter,
1335 636 1383 673 qui
1398 642 1477 673 pater
1490 636 1615 667 deorum
1631 637 1744 668 diciturt

144 676 211 706 drus
225 673 332 703 rationi
347 681 438 711 quam
453 670 514 701 usui
528 694 536 708 ‚
565 671 614 708 qui
637 669 712 709 ipsos
727 670 811 701 Deos
831 679 927 711 gratu·
968 677 1017 701 aut
1031 671 1096 701 solo
1112 672 1239 711 respectu
1254 675 1289 705 ad
1305 675 1484 717 Herculem,
1494 678 1576 716 cujus
1589 686 1667 717 pater
1677 687 1745 717 erat,

144 717 237 746 lantes
252 713 372 744 induxit.
402 712 471 743 Vid.
486 711 547 749 Jac.
561 710 749 742 Perizonium
764 712 801 743 ad
815 711 926 744 Sanctii
969 719 999 742 ut
1012 712 1097 752 supra
1110 713 1246 745 diximus.

144 756 320 788 Minervam
336 764 400 795 pag.
416 763 443 791 5.
657 795 661 799 Ι
1011 762 1037 792 7.
1059 754 1165 786 AM1c
1176 764 1217 786 Us
1244 758 1333 793 EST]
1362 758 1484 798 Afflve,
1507 770 1609 792 amans
1631 762 1743 799 malos,

186 797 234 827 PE
242 806 264 826 R
273 805 284 826 s
293 805 315 826 A
324 805 343 826 L
351 805 373 826 U
382 805 401 826 τ
411 804 432 825 A
443 802 458 826 s
466 802 481 826 s
489 803 507 825 Ε
516 798 556 834 Τ]
586 792 703 825 Ordine
725 804 830 827 omnes
850 795 927 827 fialu-
967 795 1076 834 eosque
1089 796 1189 827 favore
1202 799 1387 837 prosequens.

146 838 234 871 taffet.
525 877 529 881 Ι
578 877 583 881 η
1008 835 1036 867 8.
1058 836 1265 878 OBJECTO]
1289 839 1378 870 Velut
1398 840 1463 872 esca
1483 843 1650 872 volucribus
1671 840 1744 879 objj„

187 890 214 919 5.
236 878 315 909 PLU
325 887 343 908 T
353 879 395 914 ο]
419 876 488 907 Deo
502 877 686 915 divitiarum,
710 877 773 907 filio
788 877 921 907 fortunae.
966 878 1055 916 citur,
1077 887 1135 916 qua
1148 881 1307 917 capiantur.

144 921 277 959 Dicitur,
300 919 416 956 Plutus,
437 918 538 957 Pleni,
560 918 588 948 δε
603 917 690 948 Pluto
701 936 708 949 ‚
731 917 874 948 Plutonis.
1005 918 1276 957 CORRUMP11]
1307 921 1480 962 Corrumpit
1508 924 1613 954 omnia
1627 947 1635 963 ‚
1670 923 1744 954 dum

187 964 214 993 6.
238 962 295 992 Av
304 970 321 991 E
331 969 352 990 R
361 970 380 991 T
390 969 427 990 11*
456 967 502 990 oc
513 968 534 990 U
544 961 630 995 Los]
660 958 778 989 Scilicet
793 969 810 989 a
825 958 921 989 Pluto.
964 961 1101 1000 pecunias
1116 960 1143 991 ὅ(
1159 964 1276 993 lucrum
1290 963 1440 994 monstrat„

186 1004 361 1035 CAUSAM
383 1003 603 1039 QUAEsivrr]
627 999 757 1041 Rogavit
772 1010 923 1039 eum‚cur
1229 1000 1231 1003 ’

480 1131 544 1211 F
660 1130 742 1210 A
856 1135 938 1212 B.
1114 1134 1462 1214 XII.'

461 1268 687 1309 LEO
798 1269 1416 1313 REGNANS.

140 1371 260 1483 U
282 1390 325 1433 T
343 1396 359 1432 1
379 1391 415 1433 L
433 1395 450 1432 1
470 1391 514 1435 U
536 1391 563 1434 S
607 1370 842 1433 homini
865 1369 1014 1433 nihil
1040 1374 1118 1435 est
1133 1417 1151 1442 ‚
1168 1370 1347 1460 quam
1370 1376 1524 1439 reste
1541 1376 1732 1462 loquis

272 1472 584 1535 Probanda
612 1472 840 1534 cunetis
867 1471 949 1531 est
980 1473 1231 1557 quidem
1261 1473 1537 1537 sententia
1561 1520 1578 1544 ,

135 1569 252 1635 Sed
284 1570 356 1633 ad
383 1574 706 1655 perniciem
736 1568 880 1629 solet
906 1572 1001 1651 agi
1030 1571 1338 1633 sinceritas„

220 1668 428 1752 Qun
452 1667 509 1729 se
536 1666 792 1728 ferarum
823 1687 1025 1749 regem
1051 1665 1274 1729 fecisset
1304 1672 1467 1736 Leo,

628 1834 660 1864 A
702 1833 735 1864 D
815 1833 841 1864 F
883 1832 914 1864 A
956 1833 990 1864 Β.
1072 1834 1104 1865 X
1147 1835 1160 1865 Ι
1202 1835 1224 1866 Ι.

177 1901 201 1921 1.
225 1889 380 1936 Περτζ]
409 1890 519 1936 Aperte
533 1914 541 1929 ‚
564 1890 685 1936 sincere,
707 1889 829 1927 directe,
853 1890 910 1920 fine
1032 1889 1092 1931 Ego
1104 1893 1230 1931 primam
1244 1891 1319 1929 tollo,
1340 1896 1468 1936 nqminor
1481 1897 1549 1937 quia
1563 1894 1629 1924 Rex
1643 1894 1708 1925 Leo.

132 1933 325 1973 ambagibu33
355 1931 421 1961 ideo
439 1940 521 1961 enim
543 1931 668 1970 sequitur
689 1931 725 1961 de
735 1932 910 1969 finccritate.
953 1932 1022 1968 vel,
1048 1931 1128 1969 quod
1149 1932 1341 1963 verofimilius
1359 1934 1472 1972 judicat
1487 1958 1495 1974 ,
1524 1936 1621 1965 invitis
1643 1937 1732 1968 etiam

131 1973 308 2013 Oppositum
321 1972 405 2009 hujus
419 1971 457 2002 est
471 1972 578 2015 oblique
593 1973 615 2002 lo
635 1976 666 2002 ui
680 1996 689 2010 ,
711 1973 791 2012 quod
806 1971 909 2011 paffim
952 1973 1133 2003 membranis
1144 1996 1152 2010 ,

132 2016 162 2044 in
175 2015 227 2045 usu
240 2014 287 2045 est.
302 2014 388 2045 Reae
403 2015 439 2044 fic
453 2013 598 2054 usurpavit
638 2015 706 2044 laut.
716 2015 827 2054 Amph.
839 2023 870 2044 11
880 2024 906 2044 1.
1108 2014 1251 2045 Nominor
1263 2017 1329 2057 quia
1344 2014 1445 2045 Creon.

131 2056 217 2086 Reate
230 2056 352 2099 loquere,
374 2055 403 2085 δε
417 2056 495 2086 alibi.
988 2053 1039 2085 Fr:
1048 2063 1068 2085 R
1078 2064 1101 2085 A
1110 2063 1130 2084 R
1140 2064 1160 2085 U
1172 2064 1195 2085 M
1224 2065 1245 2086 R
1254 2065 1271 2086 E
1281 2065 1298 2086 G
1309 2065 1326 2086 Ε
1336 2058 1379 2092 M]
1423 2058 1472 2088 De
1500 2058 1649 2096 majestate
1676 2060 1728 2090 hu<

173 2107 199 2126 2.
222 2097 408 2136 Quini—zm]
437 2096 583 2127 Particula
602 2097 662 2126 haec
681 2098 745 2128 vim
758 2097 843 2127 habet
857 2095 907 2126 ad·
944 2095 992 2134 jus
1008 2097 1144 2126 animalis
1161 2106 1223 2126 non
1238 2098 1479 2130 inconvenienter
1493 2100 1561 2130 huic
1575 2102 1644 2130 loco
1661 2102 1728 2131 aud:

131 2136 316 2169 severationis
330 2137 458 2176 majoris.
950 2137 987 2167 fic
1001 2145 1157 2168 canentem
1179 2137 1393 2169 Sannazarium
1416 2142 1445 2171 in
1466 2142 1568 2172 divino
1591 2151 1679 2181 opere
1694 2143 1730 2175 de

174 2177 300 2210 Same
310 2187 407 2210 urm
423 2182 433 2215 ]
476 2179 549 2210 Haec
569 2178 709 2210 sententia
722 2203 731 2219 ,
758 2178 850 2209 Nihil
862 2176 909 2219 ‘ff'
949 2186 1031 2218 partu
1049 2178 1178 2219 Virginis
1194 2181 1242 2209 lib.
1260 2189 1288 2211 1.
1302 2180 1373 2210 vers.
1391 2192 1459 2222 4¹9»

132 2219 240 2249 homini
254 2220 353 2249 utilius
367 2232 451 2262 quam
465 2221 536 2250 redle
550 2220 633 2263 loqui.
1029 2220 1156 2263 ltjuxta
1171 2232 1316 2251 nemorum
1330 2229 1419 2253 terror
1436 2247 1444 2263 ,
1467 2235 1574 2267 rexque
1589 2224 1641 2265 ipsc
1651 2225 1729 2262 fera⁴=

176 2270 202 2300 3.
226 2260 282 2291 Ac
292 2263 321 2297 1]
350 2261 468 2291 Adduci
482 2285 490 2298 ,
518 2263 600 2292 trahi.
644 2261 725 2292 Solet
740 2262 769 2292 in
784 2261 905 2291 exitium
1104 2273 1169 2291 rum

133 2302 317 2341 praecipitari:
341 2302 380 2332 ad
386 2306 541 2343 perniciem
555 2303 687 2333 devocari
700 2327 708 2343 ,
730 2311 761 2334 ut
776 2303 905 2342 loquitur
1026 2301 1235 2344 Magnanimus
1256 2307 1328 2335 nicet
1343 2316 1386 2335 ore
1402 2305 1458 2336 Leo
1473 2318 1483 2336 .·
1509 2317 1591 2348 quem
1601 2307 1668 2346 fusa
1676 2314 1729 2347 per

134 2344 181 2374 lib.
201 2354 225 2373 1.
247 2343 302 2373 fab.
321 2351 368 2372 20.
1108 2355 1199 2374 armos

174 2384 194 2414 S
204 2395 212 2415 ι
222 2393 291 2415 nce
302 2392 321 2413 R
331 2394 339 2414 1
350 2393 400 2414 TA
410 2386 440 2420 s]
456 2383 633 2423 Simplicitas
647 2384 673 2414 ὅ(
688 2392 783 2424 aperta
798 2385 909 2415 veritas.
1032 2383 1259 2430 Convqsi‘itjulm
1273 2398 1283 2417 .·
1306 2388 1458 2428 pedoribus
1473 2389 1596 2428 gcncmfa
1603 2389 1730 2427 superbit

174 2436 202 2466 4.
225 2426 255 2465 Q
265 2436 285 2457 U
295 2435 317 2455 U
327 2434 350 2455 Μ
373 2426 435 2461 SE]
459 2423 502 2454 Ex
517 2426 570 2455 hac
591 2427 688 2456 sabula
702 2434 910 2467 argumentum
1031 2424 1176 2469 ffllzzs'cstas,
1200 2439 1327 2473 mnsam
1342 2437 1374 2459 nt
1390 2423 1494 2468 ossiek,
1517 2437 1568 2459 aut
1577 2429 1727 2470 pmlmsae-

134 2468 181 2498 fibi
197 2469 264 2506 petit
279 2466 481 2497 Illustriffimus
502 2465 617 2497 Gudius
633 2491 641 2506 ,
663 2477 722 2507 quo
741 2469 843 2508 probet
858 2468 906 2498 lib„
1104 2478 1156 2497 vus

136 2519 160 2541 1.
177 2509 232 2540 fab<
250 2518 275 2547 5.
292 2508 450 2550 legendum
466 2507 535 2548 effe,
1028 2507 1160 2579 Agant.
1662 2548 1685 2578 Γ

1108 2559 1124 2579 z
1612 2558 1637 2582 η’.
1674 2559 1679 2567 ⁴
1693 2559 1728 2580 m

1760 241 1783 279 5
