2007 2771
203 127 237 166 2
352 95 838 167 ‘PHAEDRI
923 87 1694 163 FABULA‘RUM'

205 202 445 289 Duplex
473 202 653 263 libelli
683 200 793 263 dos
825 200 935 262 est:
996 198 1161 286 quod
1189 197 1371 259 risum
1403 216 1647 275 movet,

206 305 280 362 Et
307 299 471 386 quod
507 299 779 384 prudenti
805 303 996 363 Vitam
1024 296 1271 360 consilio
1299 315 1523 359 monet.

175 415 198 451 5
208 399 574 462 Calumniari
603 396 647 458 fi
676 401 804 484 quis
837 414 1034 460 autem
1063 396 1316 460 voluerit
1335 436 1352 462 ,

214 495 398 582 Qod
440 493 672 555 arbores
704 494 1020 580 loquantur
1043 535 1060 559 ,
1116 513 1241 553 non
1275 508 1503 555 tantum
1529 491 1688 560 ferae3

203 595 378 655 Pieris
411 599 589 671 jocari
617 615 726 661 nos
755 595 1095 655 meminerit
1122 590 1356 654 fabulis*

1614 682 1654 738 F
1671 679 1813 743 AB..

206 805 361 833 materiam
375 802 574 844 hanc7AEfhpus
587 802 684 833 nudor
698 805 820 848 rfppc’rit
833 814 929 846 quam,
939 805 955 834 i,
966 812 990 833 e.
1033 801 1072 833 Et
1091 802 1140 833 lib.
1158 812 1184 833 1.
1207 801 1278 833 fab.
1293 812 1322 843 4.
1351 800 1394 831 Et
1407 813 1491 845 quem
1510 805 1622 834 tenebat
1636 827 1644 842 ‚
1666 816 1715 835 nec
1730 817 1813 848 quem

204 844 352 883 sfisopus,
375 846 424 883 qui
439 844 540 874 auetor
555 844 610 884 est,
632 843 661 874 &
674 853 786 883 primus
794 846 873 884 quasi
888 845 991 876 condi-
1026 846 1151 886 petebat.
1173 842 1252 874 Tale
1266 853 1386 883 quoque
1400 843 1438 875 est
1452 844 1476 874 F
1479 845 1523 875 ab.
1542 845 1587 875 16.
1610 845 1684 876 Rem
1700 848 1814 889 expedi-

205 893 251 924 ςοῑ
266 887 394 917 materiae
406 886 554 916 fabularis.

247 926 302 958 RE
311 937 327 958 P
335 937 375 958 PE
385 936 407 958 R
415 938 425 958 1
433 931 475 966 T]
498 926 701 969 Excogitavit,
723 927 856 968 diligenti
864 928 989 959 medita-

205 969 287 999 tione
301 970 461 1000 adinvenit.
484 968 533 999 Sic
548 969 586 999 est
607 975 729 1010 repertor
740 967 896 999 Mediam
913 970 990 1008 apud

204 1009 288 1051 Virg.
306 1013 322 1041 1.
333 1011 360 1040 6.
375 1009 449 1040 AEn.
464 1010 491 1039 ἂ
505 1018 627 1051 repertor
636 1019 725 1052 poenae
740 1010 817 1048 apud
832 1009 952 1041 Ovid.l.
962 1021 998 1052 3.v

205 1059 293 1089 Trist.
310 1059 355 1090 El.
373 1070 384 1090 1
394 1069 418 1089 1.
435 1061 484 1098 qui
499 1059 527 1089 ἃ
541 1059 600 1099 ipse
615 1059 658 1098 τῷ
671 1058 805 1089 Invenire
813 1059 850 1089 sic
864 1060 991 1090 utiturin

207 1099 339 1131 Metam.
356 1102 374 1130 1.
394 1110 419 1130 1.

253 1142 409 1172 Inventum
423 1140 573 1172 ll'Iedicina
587 1151 683 1171 meum
697 1141 740 1182 est.

205 1181 326 1213 Plautus
341 1182 458 1221 Captiv.
474 1183 536 1221 ipso
551 1183 625 1221 fine,

246 1224 423 1266 Hujusmodi
430 1232 539 1265 paucas
548 1228 635 1264 poetae
649 1226 792 1264 reperiunt
807 1223 963 1253 comoedias.

248 1275 275 1295 2.
299 1265 464 1300 P0L1v1]
489 1264 631 1302 Absolvi,
653 1265 776 1303 perfeci,
798 1263 826 1293 ὃ(
841 1264 991 1294 exGraeco

206 1307 236 1336 in
252 1305 398 1337 Latinum
412 1305 552 1337 transtuli.
594 1304 728 1336 Locutio
748 1305 786 1335 est
806 1305 941 1336 desumta
955 1306 991 1336 ab

208 1355 267 1378 arte
282 1348 440 1386 fullonica,
462 1348 511 1378 seu
533 1358 549 1378 a
569 1347 732 1378 fullonibus
747 1370 755 1385 ,
784 1348 833 1385 qui
848 1347 990 1385 poliendo

207 1389 360 1431 diligenter
375 1396 472 1420 vetera
486 1399 608 1429 quaeque
621 1413 629 1427 ,
652 1398 686 1419 ca
699 1396 816 1418 mutant
831 1390 860 1418 in
876 1398 990 1419 novam

208 1430 334 1469 speciem
349 1454 357 1468 ‚
392 1429 421 1461 &
441 1433 546 1470 pannis
566 1440 679 1461 novam
701 1430 832 1461 formam
854 1429 989 1460 induunt.

206 1471 318 1511 Caspar
331 1471 481 1512 Barthius,
503 1472 558 1503 Vir
572 1471 752 1503 do&iffunus
765 1495 774 1510 ,
796 1471 915 1501 deducit
929 1481 947 1502 a
960 1481 989 1502 re

208 1513 404 1545 edificatoria.

247 1560 353 1591 SENA
364 1563 465 1598 aiis]
495 1560 636 1598 Jambicis
653 1559 771 1591 senariis
785 1583 794 1598 ,
824 1559 853 1590 id
868 1559 922 1597 est,
945 1561 993 1590 tri-

207 1604 307 1633 metris
322 1626 330 1639 ,
352 1603 401 1641 qui
418 1602 483 1633 fiunt
498 1602 543 1632 sex*
559 1603 678 1642 pedum.
724 1600 840 1631 Eorum
855 1602 994 1632 constitu-

209 1644 252 1674 tio
266 1643 357 1683 potest
365 1644 455 1674 videri
471 1643 660 1675 inProsodia.
684 1641 732 1672 De
747 1643 877 1673 libertate
885 1651 995 1682 autem,

209 1695 268 1724 qua
282 1685 348 1715 usus
363 1685 401 1715 est
416 1687 462 1716 hic
477 1684 610 1717 Phaedrus
625 1683 720 1717 noster
734 1707 743 1723 ,
761 1685 828 1723 jam
842 1686 934 1715 locuti
950 1684 995 1715 su-

209 1736 277 1757 mus
293 1728 322 1757 in
338 1727 516 1765 praefatione.

252 1783 279 1814 3.
301 1772 388 1804 Dos
403 1776 410 1810 i
440 1773 629 1813 Metaphora.
661 1772 750 1804 Nam
763 1773 808 1803 dos
823 1774 938 1813 proprie
951 1773 995 1804 di-

208 1816 299 1852 citur,
322 1815 402 1854 quod
417 1817 526 1846 marito
541 1824 611 1845 cuni
625 1823 715 1844 uxore
730 1815 823 1845 datur.
860 1814 993 1846 Sum-itur

209 1864 343 1895 praeterca
358 1857 402 1886 dos
417 1866 471 1895 pro
486 1867 523 1887 eo
537 1881 545 1895 ‚
575 1855 656 1895 quod
673 1857 759 1887 alicui
775 1856 878 1887 datum
893 1856 931 1886 est
945 1858 992 1886 vel

210 1908 228 1928 a
242 1905 359 1934 natura,
383 1900 428 1928 vel
445 1899 480 1928 ab
496 1898 685 1929 hominibus:
709 1897 788 1927 unde
802 1898 885 1927 dotes
900 1899 991 1928 animi

210 1940 363 1977 dicuntur,
384 1939 412 1969 ὅ(
428 1940 587 1976 librorum,
609 1939 794 1977 aliarumque
808 1948 996 1977 rerum‚quae

212 1982 367 2011 utilitatem
383 1980 518 2011 afferunt.
545 1979 665 2021 Legunt
681 1981 729 2009 alii
745 1981 790 2009 vel
805 1991 862 2009 mos
876 1981 926 2020 est,
948 1982 994 2010 vel

212 2033 239 2051 os
254 2022 296 2062 ist.
326 2022 383 2052 Sed
398 2023 469 2061 quin
483 2023 529 2052 dos
549 2031 669 2061 quoque
688 2021 802 2051 dicatur
816 2022 844 2051 in
860 2021 995 2062 lingulati

213 2072 266 2102 pro
281 2064 405 2093 utilitate
417 2087 425 2101 ‚
447 2063 557 2101 fruelu‚
581 2070 761 2093 ornamento
774 2085 782 2099 ‚
806 2072 898 2093 nemo
913 2063 996 2093 dnbi-

213 2105 283 2135 tabit
297 2127 305 2141 ,
328 2106 376 2142 qui
392 2105 468 2143 apud
482 2104 631 2136 Oxidium
651 2106 751 2146 legerit
765 2104 858 2134 dotem
877 2105 929 2135 oris
943 2114 996 2144 pro

214 2147 393 2184 eloquentia.

255 2191 284 2222 R
294 2202 302 2222 1
312 2200 326 2222 s
337 2201 390 2224 UM
412 2189 452 2221 Μ
461 2201 482 2222 o
490 2202 507 2222 v
516 2202 535 2223 E
543 2197 584 2232 T]
645 2193 842 2233 Voluptatem
882 2195 997 2225 excitat.

216 2232 330 2263 Bfovet.
349 2256 354 2262 .
374 2257 378 2262 .
396 2256 401 2261 .
444 2241 537 2263 monet
577 2234 669 2275 figura
697 2235 735 2265 est
750 2259 758 2274 ‚
786 2245 849 2274 quae
890 2236 996 2268 dicitur

214 2280 247 2313 dr
258 2277 455 2311 minimam.
483 2279 532 2310 Sic
547 2281 594 2310 lib.
610 2291 638 2320 4.
653 2280 725 2311 Fab.
742 2291 768 2321 3.

318 2322 433 2365 Impune
446 2325 537 2365 potius
552 2321 614 2353 laedt
629 2334 715 2365 quam
730 2323 794 2354 dedi
807 2322 902 2354 alteri.

1033 898 1078 924 re,
1093 886 1148 925 sed
1160 886 1261 916 videre
1273 889 1390 927 expetit.

1073 937 1102 967 4.
1125 926 1286 963 VtrAM]
1309 927 1460 957 Homines
1473 928 1567 957 vitam
1580 927 1726 969 degentes.

1072 967 1245 1005 Moxssr]
1273 967 1386 998 Monet
1406 975 1437 998 ut
1457 968 1578 1007 quisque
1591 969 1678 1011 degat
1692 979 1725 1000 ex
1745 980 1816 1009 prae-

1031 1009 1139 1080 scripito
1154 1008 1274 1040 honesti.
1298 1009 1372 1040 Haec
1386 1009 1496 1040 scilicet
1509 1009 1669 1042 Poetarum
1684 1013 1746 1042 laus
1760 1012 1814 1051 est,

1054 1060 1094 1081 uo

1033 1062 1052 1094 q
1092 1091 1135 1122 Et
1148 1091 1274 1130 jucunda
1278 1091 1371 1129 simul
1381 1091 1479 1122 dicant
1493 1090 1532 1126 ἶς’
1546 1091 1644 1122 idonea
1658 1096 1738 1123 vitm.

1076 1142 1103 1170 5.
1129 1129 1426 1167 CALumstr]
1454 1131 1588 1170 Sinistre‚
1610 1134 1757 1164 malitiose
1771 1135 1815 1164 in-

1035 1174 1190 1212 terpretari.
1213 1172 1400 1203 Calumniari
1411 1174 1518 1204 dicitur
1525 1175 1639 1212 proprie
1652 1175 1688 1205 de
1702 1178 1815 1206 calum-

1035 1214 1119 1244 niosa
1140 1216 1190 1244 lite
1202 1237 1211 1252 ,
1232 1213 1260 1243 ὅ(
1281 1213 1320 1244 est
1333 1238 1341 1253 ‚
1362 1214 1435 1244 falsa
1448 1214 1477 1244 &
1491 1214 1598 1244 callida
1617 1219 1746 1254 ratione,
1768 1218 1815 1247 cui

1034 1256 1247 1286 malevolentia
1260 1254 1298 1285 est
1313 1256 1487 1294 conjuncta,
1510 1256 1641 1294 aliquem
1655 1257 1795 1296 decipere.

1076 1298 1104 1327 6.
1128 1297 1343 1333 ARBORES]
1373 1296 1511 1328 Pluscula
1531 1295 1641 1328 Phaedri
1662 1298 1750 1329 nostri
1773 1300 1817 1329 in·

1032 1337 1174 1369 tercidiffe
1184 1337 1250 1375 jam
1264 1340 1341 1369 olim
1350 1338 1426 1369 reete
1441 1339 1631 1377 conjecerunt
1640 1338 1704 1370 Viri
1719 1340 1817 1372 doeti:

1033 1379 1114 1418 quod
1130 1380 1266 1417 deinceps
1287 1381 1422 1419 probavit
1436 1380 1492 1411 Vir
1514 1379 1717 1411 Illustriffnnus
1731 1380 1817 1412 Mar-

1033 1421 1159 1459 quardus
1175 1419 1308 1460 Gudius,
1330 1423 1379 1460 qui
1395 1422 1425 1451 in
1440 1422 1518 1452 notis
1532 1420 1589 1451 suis
1610 1423 1646 1452 ad
1670 1423 1746 1452 hunc
1768 1433 1818 1453 au-

1032 1462 1147 1493 clorem
1155 1471 1216 1492 non
1225 1461 1324 1493 solum
1338 1463 1471 1493 fabulam
1479 1463 1515 1493 de
1522 1462 1685 1493 Arboribus
1695 1466 1818 1502 loquen-

1034 1504 1109 1533 tibus
1124 1504 1247 1542 profert,
1270 1503 1317 1534 sed
1332 1503 1360 1534 ὅζ
1375 1505 1447 1535 alias
1461 1514 1476 1534 e
1490 1504 1614 1535 tenebris
1629 1506 1710 1535 eruit.
1734 1504 1819 1544 Quas

1034 1545 1112 1575 haud
1133 1546 1173 1575 ita
1193 1545 1309 1583 pridem
1329 1547 1359 1576 in
1380 1548 1478 1577 lucem
1499 1545 1589 1576 editas
1608 1547 1677 1577 huic
1698 1556 1820 1586 quoque

1035 1587 1157 1617 editioni
1174 1585 1386 1625 subjunximus,

1079 1635 1106 1665 7.
1129 1627 1288 1666 Fieris]
1311 1627 1388 1660 Non
1405 1629 1501 1667 inepte
1514 1637 1573 1659 vox
1587 1630 1638 1659 illa
1646 1629 1724 1667 fietis
1737 1630 1827 1661 addi--

1036 1676 1091 1699 tur.
1113 1668 1222 1699 Fabula
1237 1669 1321 1700 enim
1332 1679 1365 1700 ex
1380 1679 1483 1700 earum
1494 1679 1609 1700 vocum
1623 1680 1750 1701 numero
1765 1671 1803 1702 est
1813 1696 1823 1711 ‚

1037 1720 1100 1750 quae
1114 1719 1219 1740 verum
1232 1709 1260 1740 &
1274 1710 1383 1742 falsum
1398 1711 1575 1752 significant,
1597 1711 1766 1742 undeinfra
1780 1715 1820 1743 le-

1035 1754 1126 1793 gitur,
1147 1762 1222 1781 vera
1230 1751 1340 1791 fabella
1355 1753 1404 1783 lib.
1420 1763 1448 1783 2.
1462 1752 1521 1782 fab.
1537 1762 1564 1790 5.
1593 1751 1631 1783 Et
1645 1753 1722 1791 apud
1738 1752 1829 1784 Grae--
1861 1752 1868 1793 J

1036 1808 1087 1829 cos
1102 1794 1193 1840 μῦθος
1208 1808 1262 1838 pro
1276 1799 1377 1834 fabula
1390 1799 1462 1830 falsa
1475 1799 1503 1829 &
1516 1809 1586 1830 vera
1600 1800 1821 1841 usurpatur,in-
1862 1801 1867 1822 -”

1035 1848 1077 1871 ter
1092 1850 1166 1880 quos
1181 1840 1257 1879 apud
1278 1838 1452 1875 Hbmerum
1472 1851 1526 1880 pro
1540 1851 1610 1872 vero
1625 1841 1761 1872 sermone
1774 1843 1820 1873 su-

1035 1883 1134 1913 mitur.
1163 1882 1265 1921 Quare
1285 1882 1496 1921 proverbium,
1519 1882 1600 1921 quod
1615 1882 1691 1921 apud
1705 1881 1820 1914 Teren-

1037 1924 1111 1953 tium
1127 1921 1166 1953 est
1180 1946 1188 1960 ‚
1210 1923 1314 1962 Lupus:
1331 1926 1362 1953 in
1376 1923 1479 1960 fabula
1493 1947 1501 1961 ‚
1530 1923 1606 1962 apud
1626 1923 1767 1954 Plautum
1782 1925 1820 1955 iic

1037 1965 1218 2003 concipitur,
1239 1964 1288 1994 Lu
1307 1975 1335 1996 ‚us
1351 1967 1382 1993 in
1395 1963 1534 1994 Sermone.
1557 1964 1665 1994 Cicero
1673 1964 1781 1995 Aecus.
1791 1975 1830 2007 3..

1038 2006 1068 2035 in
1084 2005 1209 2035 Verrem
1223 2014 1249 2034 c,
1265 2012 1281 2043 7
1305 2018 1312 2035 ι
1322 2029 1325 2032 .
1336 2004 1405 2035 Non
1420 2015 1464 2034 me
1471 2006 1566 2048 fugit,
1583 2006 1719 2045 summ,
1740 2014 1822 2037 vete-
1860 2027 1867 2035 f

1038 2045 1247 2134 Ξζνῗγεέἑξίἰαέ
1262 2088 1343 2134 idem
1363 2089 1394 2118 in
1408 2088 1445 2118 de
1459 2085 1591 2129 Officiis,
1613 2089 1641 2119 &
1656 2091 1724 2120 alibi
1739 2090 1821 2120 fietus

1040 2129 1068 2159 ὃῑ
1083 2136 1304 2159 commentitias
1319 2130 1432 2159 tabulas
1446 2129 1525 2160 dixit.

1080 2170 1126 2209 Jo
1135 2179 1151 2200 c
1161 2178 1182 2199 Α
1191 2178 1213 2200 R
1222 2180 1231 2200 1
1241 2171 1252 2205 J
1276 2170 1325 2200 Sic
1339 2170 1457 2201 Phaedri
1463 2172 1528 2215 joci
1541 2171 1617 2211 apud
1633 2170 1832 2204 Martialem..

1041 2211 1101 2252 [ple
1117 2211 1251 2243 Phaedrus
1266 2213 1285 2241 l.
1303 2221 1329 2252 3.
1344 2214 1418 2251 prol.

1103 2295 1107 2300 “
1179 2253 1206 2283 C
1204 2252 1422 2300 flammamque
1428 2253 1501 2293 filli}
1514 2253 1678 2299 eltfitjoctk,

1038 2293 1075 2327 Et
1089 2295 1137 2326 hb·
1147 2305 1189 2367 ,Ξῖ
1196 2294 1391 2379 flig'jocorum
1407 2336 1611 2379 legerefifiidis
1620 2348 1713 2380 genus.

1739 2552 1826 2585 AD

1249 2057 1277 2075 ro
1285 2043 1470 2085 fidis-fabul&
1480 2048 1544 2087 jam
1558 2048 1657 2078 audiri
1670 2056 1754 2091 atque
1769 2048 1821 2079 ha-
1836 2038 1870 2080 ‘z

1990 111 1993 113 '
1988 0 2007 87 -τμ-ὒξᾩ]
