2007 2771
522 81 1306 150 INDEX

129 176 303 218 Cuniculi
321 176 441 231 quid,
566 233 571 238 .
831 195 847 221 1
860 194 875 221 1
886 196 907 234 5
949 182 1144 239 Diogenes
1163 187 1318 235 Cynicus
1334 216 1345 236 ‚
1676 187 1725 227 88

128 233 230 273 Cura
240 261 252 281 ‚
275 232 321 272 de
340 240 473 271 ornatu
490 230 720 285 capillorum,
853 248 906 286 40
949 238 1147 290 Dff'dens
1155 253 1224 295 pro
1240 244 1425 283 contrario
1446 274 1456 290 ‚
1674 253 1728 292 74

268 297 337 339 pro
345 296 443 339 opere
452 299 533 326 cum
543 300 630 326 cura
639 287 825 329 elaborato
833 318 844 336 ‚
858 303 902 339 52
949 292 1167 347 Diffolvere
1180 328 1189 341 ,
1220 298 1265 337 de
1282 298 1444 337 navibus
1455 325 1465 344 ‚
1657 310 1669 334 1
1682 310 1698 334 2
1710 309 1725 334 1

124 342 298 394 Curiosm
315 340 439 402 quids-
517 397 521 402 ¹
614 397 620 403 ⁶
754 399 759 404 .
830 357 845 382 1
856 358 873 382 z
886 359 900 384 1
948 347 1187 405 Dssringere
1204 352 1363 406 aliquem
1375 381 1386 401 ‚
1651 365 1665 389 1
1676 364 1693 389 z
1704 353 1725 390 8

124 397 263 449 Cursus
281 395 326 435 de
335 404 587 458 'navigatlone
604 408 645 435 tn
663 410 758 436 mari
767 426 779 445 ,
828 412 842 437 1
853 412 904 438 20
947 401 1126 446 Divitiae
1145 407 1278 447 cedunt
1295 409 1427 446 amicis
1432 402 1632 459 fidelibus,
1671 419 1723 456 70

124 450 259 501 Cybebe
275 451 369 504 quid
372 478 385 498 ,
774 455 839 503 84,
853 456 901 494 88
946 455 1108 508 Divus,
1137 461 1182 499 de
1199 464 1312 515 Augu
1344 475 1384 509 o,
1672 472 1727 514 74

125 504 254 555 Cybele
268 532 279 552 ‚
852 510 871 547 8
880 511 900 549 8
948 511 1080 554 Dolon
1096 515 1208 568 quid,
1673 519 1725 567 65

477 589 516 628 D
947 565 1163 617 Dominus,
1191 571 1236 610 de
1255 568 1400 610 Tiberio
1414 598 1425 618 ³
1669 581 1723 621 45

522 623 529 629 '
942 619 1096 664 Domus
1107 623 1229 676 polita
1248 656 1259 673 ‚
1669 632 1725 673 96

242 678 319 716 Are
337 674 497 729 aliquem
513 675 596 717 leto.
849 685 901 720 26
941 674 1097 719 ‘Domus
1102 689 1174 731 pro
1195 680 1288 732 testa
1303 693 1454 726 cornea,
1668 686 1723 730 46

338 730 531 771 auxilium.
823 747 837 773 1
850 738 896 785 58
942 730 1064 772 Dona
1081 734 1417 789 hffliumsuspeffa
1427 763 1438 781 ,
1669 747 1687 772 2
1697 749 1720 787 7

329 795 471 839 partes.
845 792 898 830 86
940 784 1033 826 Dos
1049 788 1163 842 quid,
1610 801 1627 827 2
1644 817 1654 834 ,
1670 790 1721 830 86

328 850 470 894 poenas.
847 858 861 883 1
873 847 894 885 8
938 839 1141 883 Dracones
1159 843 1247 884 olim
1263 843 1424 896 custodes
1449 842 1722 883 reconditarum

330 895 370 947 [e
379 896 617 948 praecipitem.
816 911 833 936 1
843 913 894 950 55
992 907 1096 949 opum
1105 927 1118 946 ,
1651 911 1665 936 1
1677 904 1721 940 16

320 952 369 1003 se
384 951 552 1002 turpiter.
844 967 858 993 1
870 957 891 995 8
937 949 1092 992 Ducere
1110 967 1232 993 aevum
1245 962 1313 1006 pro
1331 954 1464 992 vivere
1474 980 1485 999 ‚
1664 967 1716 1007 35

331 1004 456 1044 verba.
841 1013 889 1048 62
935 1005 1102 1055 Dulcis,
1131 1009 1176 1048 de
1194 1007 1472 1054 benevolentia,
1662 1014 1714 1058 69

331 1063 468 1100 vitam.
814 1076 830 1102 1
840 1077 858 1102 2
866 1078 889 1116 7
935 1060 1047 1099 Dum
1054 1073 1123 1115 pro
1141 1063 1252 1102 donec
1264 1092 1274 1110 ‚
1663 1077 1681 1102 2
1689 1074 1717 1112 4

107 1114 323 1155 Dardanus
341 1118 447 1170 quis,
839 1125 891 1169 56
933 1115 1059 1165 Dux,
1086 1117 1131 1157 de
1151 1117 1295 1158 Tiberio
1312 1117 1473 1170 Caesare,
1660 1129 1713 1168 45

106 1169 300 1210 Decedere
312 1181 381 1224 pro
400 1171 515 1217 mori,
833 1187 889 1226 94

106 1224 319 1265 Decurrere
337 1228 464 1265 vitam
474 1253 486 1272 ,
835 1231 884 1270 88
1291 1225 1335 1266 E.

105 1279 288 1320 Dedecus
306 1290 452 1321 naturae
463 1310 474 1327 ,
501 1278 546 1319 de
563 1278 682 1331 astno,
836 1297 854 1322 2
865 1297 887 1334 5

103 1334 260 1375 Deduci
271 1346 359 1390 pro,
382 1334 484 1391 forte
487 1333 651 1388 fortuna
668 1337 820 1385 venire,
832 1351 851 1392 3
862 1342 882 1380 8
1023 1334 1150 1387 Briost
1169 1339 1289 1391 magis
1309 1338 1445 1376 mortui
1471 1349 1581 1391 quam
1598 1337 1714 1383 vivi,

102 1389 296 1443 Defht‘tus
311 1393 422 1431 annt's
431 1419 444 1438 ‚
836 1407 855 1432 2
864 1407 885 1443 5
1657 1403 1711 1443 97

293 1446 390 1498 pilis
400 1473 412 1492 ,
807 1459 885 1499 144
927 1444 1062 1497 Edere·
1063 1445 1173 1495 fletus
1183 1475 1194 1494 ,
1660 1459 1706 1498 13

100 1497 315 1550 Deflec‘tere
331 1514 355 1537 a
371 1498 630 1551 consuetudine
646 1529 659 1546 ,
807 1505 882 1541 108
927 1499 1086 1549 Efficere
1102 1503 1175 1538 iter
1193 1499 1303 1538 breve
1313 1531 1323 1546 ,
1658 1506 1708 1550 87

101 1553 294 1609 Dejet‘lus
300 1563 372 1606 pro
380 1552 607 1606 prostratus,
831 1558 881 1608 38
927 1552 967 1591 E
958 1551 1103 1602 ffodere
1119 1552 1212 1605 offa,
1656 1570 1675 1610 3
1690 1567 1705 1593 1

101 1608 300 1648 Delicium
318 1608 429 1662 quid,
833 1612 883 1659 89
926 1607 1133 1661 Elegantia
1145 1635 1157 1655 ‚
1185 1608 1229 1647 de
1247 1609 1368 1657 cultu,
1653 1623 1707 1662 40

101 1662 329 1703 Demetrius
346 1661 556 1703 Phalereus
572 1662 657 1715 quis
668 1691 679 1708 ,
806 1676 885 1717 134
926 1662 1095 1702 Elevare
1100 1672 1172 1715 pro
1191 1666 1349 1703 minuere
1358 1694 1369 1712 ,
1563 1675 1610 1715 72
1623 1692 1634 1710 ‚
1653 1680 1704 1715 92

101 1717 322 1758 Demittere
331 1726 400 1770 pro
410 1719 631 1770 promittere
640 1745 652 1764 ,
830 1732 878 1772 33
926 1718 1089 1757 Eludere
1105 1731 1216 1757 canes
1227 1747 1237 1765 ‚
1658 1734 1673 1759 1
1682 1734 1707 1773 7

101 1772 256 1812 Dentes
272 1774 373 1826 Apri
390 1785 453 1811 cur
464 1771 661 1821 fulminei,
833 1787 851 1812 2
863 1786 885 1823 5
1101 1772 1345 1821 calumniam,
1656 1788 1705 1826 57

103 1827 302 1881 Deponere
312 1856 322 1875 ‚
332 1827 378 1867 de
396 1840 436 1865 eo
447 1855 457 1873 ,
467 1825 566 1880 quod
581 1839 648 1865 nos
658 1835 820 1879 gravat,
832 1842 878 1879 23
926 1824 1060 1866 Emori
1077 1828 1189 1882 quid,
1655 1843 1671 1868 1
1684 1843 1699 1869 1

101 1882 326 1934 Deprimere
342 1895 461 1922 naves
472 1909 483 1927 ‚
832 1878 883 1934 ²4
925 1880 1088 1930 Eodem,
1116 1881 1333 1935 dfflllabum
1342 1909 1353 1928 ,
1678 1898 1704 1932 9

100 1937 292 1989 Derepere
297 1946 371 1990 pro
388 1935 552 1988 deorsum
568 1944 708 1988 repere,
828 1950 877 1988 42
925 1935 1104 1989 Equester
1122 1936 1207 1976 ordo
1217 1945 1286 1988 pro
1304 1935 1509 1989 equitibus,
1626 1940 1701 1987 148

101 1991 286 2044 Derisor,
313 1991 359 2031 de
381 1991 554 2044 &Esosto
563 2018 575 2037 ,
828 2005 880 2043 79
924 1990 1030 2045 Equi
1046 1991 1183 2038 nitidi,
1651 1995 1704 2032 66

100 2045 296 2097 Defidere,
314 2046 360 2086 de
376 2047 578 2092 metuenti,
828 2059 878 2099 43
925 2046 1079 2098 ErtPere
1096 2044 1325 2086 contumeliis
1341 2045 1453 2099 quid,
1626 2059 1641 2085 1
1654 2059 1697 2086 12

101 2100 343 2154 Distringere
355 2127 367 2148 ,
393 2100 439 2139 de
455 2098 637 2152 vestibus,
827 2114 882 2152 45
924 2100 1045 2140 Error
1054 2110 1124 2153 pro
1145 2109 1312 2148 errante,
1652 2114 1667 2140 1
1677 2104 1698 2142 8

385 2164 457 2207 pro
473 2164 638 2206 carpere,
676 2185 679 2188 Α
829 2169 882 2205 99
1042 2165 1114 2208 pro
1131 2155 1351 2208 obscuritate
1361 2183 1372 2202 ‚
1648 2166 1701 2206 74

101 2207 307 2248 Devocare
322 2208 376 2247 ad
378 2210 580 2261 perniciem
590 2237 602 2256 ,
826 2215 882 2261 64
923 2208 1044 2248 Error
1046 2211 1195 2265 judicii
1203 2220 1274 2263 pro
1294 2222 1439 2249 erroneo
1443 2207 1607 2267 judicio,
1622 2221 1697 2260 140

99 2263 287 2303 Devotus
304 2265 418 2311 vino,
826 2278 881 2316 94
923 2263 1013 2316 Effe
1016 2275 1090 2318 pro
1107 2265 1231 2312 edere,
1648 2275 1698 2314 24.

100 2317 231 2360 Diti‘a
245 2329 311 2370 pro
317 2316 466 2371 fabulis
475 2347 486 2364 ‚
828 2322 876 2372 38
923 2319 1111 2359 Evertere
1125 2320 1272 2359 domum
1289 2333 1313 2358 a
1328 2317 1538 2367 radicibus,
1645 2329 1698 2369 74

98 2372 205 2412 Dies
214 2383 282 2426 pro
298 2373 359 2413 die
362 2372 561 2426 solutionis
571 2399 583 2420 ,
826 2388 872 2413 22
919 2373 1122 2423 Euxinus,
1149 2376 1194 2415 de
1210 2374 1357 2422 Ponto,
1617 2385 1694 2411 100

97 2427 259 2483 Dignus
276 2430 456 2467 memoriae
466 2455 478 2474 ,
804 2441 819 2468 1
829 2441 875 2478 19
918 2428 1095 2468 Exarare
1098 2431 1190 2483 stilo
1195 2438 1267 2482 pro
1271 2428 1454 2484 scribere,
1642 2429 1694 2477 56

98 2483 181 2523 Dii
190 2485 345 2537 praemia
358 2482 495 2536 firunt
513 2480 741 2531 hominibus,
798 2497 813 2523 1
827 2496 876 2535 14
917 2483 1103 2579 Egcipere
1121 2485 1287 2540 aliquid,
1306 2494 1378 2538 pro
1382 2481 1596 2539 succedere,
1609 2494 1692 2573 [49

1006 2552 1032 2594 g
1061 2554 1080 2579 2
1628 2548 1690 2573 ικ-
