2007 2771
199 117 229 161 8
349 97 831 162 PHAEDRI
913 93 1676 159 FABULARUM

199 202 549 284 Fugantque
578 195 780 258 rostris.
836 194 995 256 Male
1028 192 1315 255 mulcatus
1347 193 1629 254 Graculus

149 298 428 361 ³0Redire
457 316 717 360 moerens
749 295 936 377 coepit
963 291 1035 353 ad
1063 293 1363 376 proprium
1393 313 1612 374 genuss

205 397 270 458 A
294 417 415 477 quo
443 393 676 481 repulsae
704 391 927 453 tristem
953 388 1218 451 sustinuit
1248 404 1469 450 notam.

204 497 367 559 Tum
397 494 641 578 quidam
675 513 747 552 ex
778 490 883 551 illis
914 538 931 562 ,
978 508 1126 572 quos
1158 489 1317 571 prius
1347 485 1724 571 despexerat

202 598 538 654 Contentus
564 588 765 651 nostris
789 586 831 647 fi
857 583 1056 646 fuiffes
1078 582 1310 646 sedibus
1335 627 1352 652 ,

202 692 285 751 Et
308 689 472 774 quod
502 704 700 749 natura
729 684 974 746 dederat
1000 680 1271 750 voluisses
1302 687 1455 767 pati,

153 789 341 848 15Nec
376 786 533 848 illam
565 799 836 869 expertus
867 780 1006 842 esses
1034 779 1490 845 contumeliam,

205 889 341 950 Nec
374 884 525 945 hanc
554 880 838 967 repulsam
864 895 976 940 tua.
989 876 1227 939 sentiret
1257 878 1568 940 calamitas.

244 1020 273 1050 9.
308 1008 432 1040 MALE
468 1018 492 1039 M
503 1010 714 1045 ULeATus]
757 1003 987 1036 Contumeiiose
1069 1001 1321 1049 Sosi-tumr]
1351 1002 1470 1049 Sustuiit
1483 1028 1491 1041 ,
1526 1004 1584 1043 pati
1605 1003 1725 1034 coactus
1746 1004 1808 1035 fuit.

202 1059 346 1090 exceptus.
374 1049 497 1083 Terent.
518 1049 595 1080 Eun.
615 1059 645 1089 4.
667 1056 694 1086 7.
708 1057 737 1084 4.
765 1046 849 1076 Male
863 1045 987 1077 mulcabo
1028 1043 1151 1090 Graculi
1167 1046 1270 1083 reliqui
1291 1054 1361 1076 eum
1373 1054 1459 1075 varus
1480 1044 1507 1075 ἀ
1529 1046 1638 1076 acerbis
1653 1053 1809 1078 contume-

205 1093 303 1134 ipsam.
1029 1087 1074 1115 lns
1089 1085 1297 1123 prosciderunt.

248 1143 294 1164 ro.
317 1132 419 1163 Rani
430 1132 499 1167 RE]
522 1129 666 1161 Reversus
681 1128 736 1167 est,
758 1129 850 1159 rediit.
1069 1125 1104 1155 N
1115 1135 1136 1156 o
1147 1129 1252 1163 TAM]
1276 1127 1488 1167 Ignominiam.
1517 1125 1652 1157 Locutio
1667 1128 1706 1158 est
1719 1129 1809 1159 dedu-

247 1175 308 1205 AD
331 1182 375 1204 PR
386 1182 459 1203 ουκ
469 1183 477 1203 1
487 1182 509 1204 υ
520 1181 543 1203 Μ
566 1181 585 1202 G
595 1172 718 1207 ENUS]
742 1169 793 1200 Ad
807 1169 895 1201 suum
909 1168 988 1199 ordi-
1028 1166 1075 1196 &a
1096 1177 1113 1197 a
1134 1169 1211 1198 notis
1233 1168 1390 1198 censorum
1404 1192 1412 1206 ‚
1441 1168 1510 1206 quia
1525 1169 1658 1199 censores
1673 1171 1752 1203 olim
1766 1173 1809 1200 lu-

204 1226 291 1253 nem,
313 1215 350 1245 ad
364 1214 405 1244 sui
420 1215 532 1254 generis
548 1222 631 1243 aves.
1028 1207 1154 1238 strabant
1168 1210 1309 1239 omnium
1325 1210 1436 1239 civium
1451 1210 1533 1239 vitas.
1565 1209 1595 1240 Si
1606 1210 1672 1248 jam
1687 1212 1810 1250 alicujus

248 1268 259 1287 1
269 1267 293 1287 1.
317 1255 424 1287 Rrpu
434 1256 553 1290 LSAE]
577 1253 620 1283 Ita
637 1250 916 1293 legitJac.To]lius‚
938 1251 984 1281 cui
1026 1251 1120 1292 vitam
1134 1259 1239 1288 parum
1254 1249 1406 1280 honestam
1421 1251 1622 1289 inveniebant,
1645 1251 1680 1281 ad
1696 1261 1811 1282 nomen

204 1308 267 1329 non
276 1297 425 1337 possumus
441 1306 502 1326 non
521 1294 658 1331 aisentiri,
681 1295 822 1333 praecipue
837 1302 909 1322 cum
923 1302 985 1322 non
1027 1300 1088 1328 eJus
1103 1298 1208 1321 notam
1222 1292 1376 1321 faciebant.
1426 1291 1508 1322 Hinc
1529 1294 1598 1330 quia
1620 1299 1692 1323 nota
1705 1294 1765 1323 haec
1778 1294 1811 1324 fi-

205 1340 383 1381 refragentur
398 1337 500 1368 duetus
515 1338 673 1367 literarum.
688 1334 813 1375 Repulsae
820 1335 902 1364 enim
916 1333 986 1363 faci-
1027 1340 1121 1372 gnum
1136 1339 1196 1361 erat
1210 1333 1434 1371 infamiae‚110ta
1448 1342 1501 1371 pro
1515 1333 1706 1372 ipsainfamia
1720 1335 1811 1373 potita

205 1384 232 1411 le
249 1382 326 1412 abire
341 1381 435 1419 potuit
451 1380 480 1409 in
501 1377 618 1419 repulsus
633 1387 643 1406 .·
684 1376 765 1414 quod
781 1376 799 1405 ii
815 1377 985 1413 retineatur,
1027 1372 1075 1403 est.
1092 1371 1164 1403 Inde
1178 1372 1225 1411 est,
1235 1381 1340 1404 notam
1354 1375 1441 1403 alicui
1457 1376 1579 1414 inurere,
1586 1384 1640 1414 pro
1655 1375 1809 1406 infamare.

204 1424 278 1453 nihil
294 1431 367 1461 opus
382 1420 420 1451 est
435 1420 502 1451 addi
517 1419 623 1458 tristem
638 1424 742 1447 notam.
766 1415 986 1457 Significantius
1071 1424 1117 1454 14.
1139 1413 1260 1454 PATJ]
1284 1414 1451 1445 Contentus
1466 1415 1521 1446 effe
1535 1426 1587 1456 eo,
1611 1416 1692 1455 quod
1706 1425 1811 1448 natura

204 1466 303 1494 multo
316 1470 381 1493 nota
395 1461 506 1502 repulsa·
520 1472 528 1498 ;
551 1459 631 1498 quod
646 1457 673 1487 ὃ(
689 1458 882 1488 confirmatur
903 1457 986 1488 versu
1028 1455 1156 1486 dederat.
1199 1470 1203 1475 =

204 1507 313 1536 ultimo
327 1511 335 1542 ‚¹
358 1505 406 1534 ubi
422 1503 526 1533 eadem
542 1510 599 1531 vox
615 1524 623 1538 ‚
1071 1497 1117 1527 16.
1140 1496 1413 1532 CALAMITAS]
1448 1496 1501 1527 Tu
1517 1497 1583 1536 jam
1601 1498 1807 1538 calamitosus,

267 1546 331 1576 Nec
345 1545 415 1574 hanc
433 1543 570 1585 repulfhm
583 1549 635 1572 tua
650 1541 771 1580 sentiret
785 1540 943 1571 calamitas.
1027 1537 1077 1568 scu
1092 1540 1294 1569 calamitatem
1314 1537 1415 1577 paffus.
1444 1537 1584 1570 SieFa‘b.
1600 1549 1627 1578 5.
1648 1540 1808 1582 Improbitas

246 1586 278 1616 T
287 1596 307 1617 R
318 1594 352 1617 15
362 1596 381 1617 T
390 1595 407 1616 E
417 1588 462 1623 M]
487 1584 628 1614 Gravem.
651 1581 700 1612 Sic
714 1581 786 1612 Fab.
801 1591 827 1612 2.
1027 1579 1151 1611 sumitur
1164 1589 1218 1619 pro
1232 1581 1378 1619 improbo.

604 1720 1061 1803 FAB.
1206 1716 1402 1798 IV.

327 1862 532 1903 CANIS
571 1859 700 1901 PER
737 1855 1062 1898 FLUVIUM
1100 1854 1394 1895 CARNEM
1432 1856 1693 1897 FERENS

210 1943 647 2055 AMITTlT
703 1940 920 1999 merito
969 1938 1271 2022 proprium
1298 1977 1316 2002 2
1392 1940 1492 2022 qui
1549 1937 1802 2001 alienum

444 2027 677 2112 adpetit.

296 2124 326 2171 *i
343 2124 528 2184 Canis
548 2173 563 2197 ,
595 2144 695 2208 per
720 2121 942 2183 flumen
959 2139 1195 2182 carnem
1208 2118 1356 2182 dum
1370 2116 1550 2183 ferret
1563 2126 1765 2185 natans
1782 2175 1802 2201 ‚

1592 2270 1604 2280 ,
1619 2210 1804 2292 Lym--v

756 2287 1254 2322 ADFAB.1V,

251 2355 275 2376 1Δ
299 2344 533 2381 paona-xi]
555 2343 691 2381 Bonum,
713 2347 758 2374 vei
776 2346 866 2376 simile
880 2347 960 2385 quid.
1022 2342 1092 2375 Huc
1113 2353 1231 2383 quoque
1251 2345 1373 2383 pertinet
1392 2345 1493 2376 fabula
1519 2345 1555 2376 de
1576 2344 1705 2377 Camelo
1719 2369 1727 2384 ‚
1749 2345 1798 2384 qui

247 2397 265 2417 2
288 2386 436 2422 CAN1s]
459 2385 538 2418 Tale
558 2388 726 2424 exemplum
741 2386 830 2416 videri
845 2388 936 2426 potest
950 2389 981 2419 in
1022 2395 1134 2416 cornua
1149 2385 1303 2425 affeetans,
1326 2388 1414 2417 etiam
1430 2396 1513 2417 aures
1527 2388 1658 2426 perdidit.
1699 2386 1756 2417 Sed
1770 2385 1800 2416 <St

204 2425 343 2458 Perdicca
357 2452 365 2466 ‚
393 2428 464 2458 duas
485 2428 567 2457 timul
591 2436 693 2457 uxores
715 2436 858 2465 quaerente
873 2439 879 2459 :
902 2429 981 2460 unde
1022 2426 1114 2457 Cures
1123 2428 1168 2466 (ut
1182 2427 1218 2457 ad
1233 2427 1363 2459 historias
1376 2430 1569 2467 revertamur)
1582 2428 1798 2458 Pacinacorum

205 2475 337 2499 neutram
357 2470 490 2499 obtinuit.
515 2469 573 2498 Adi
589 2468 731 2504 justinum
748 2470 764 2497 1.
783 2478 828 2508 13.
844 2479 869 2499 c.
883 2471 910 2500 6.
940 2470 977 2500 Et
1019 2470 1150 2507 princeps
1178 2467 1359 2501 Moseorum
1386 2470 1495 2501 ducem
1517 2469 1663 2500 Stossaum
1690 2468 1798 2499 infidiis

203 2510 269 2540 vide
283 2511 351 2549 quid
368 2511 445 2544 idem
460 2510 561 2540 reserat
575 2510 611 2539 dc
625 2509 782 2540 Demetrio
802 2509 888 2551 Syria:
902 2521 976 2553 rege.
1019 2517 1173 2549 exceptum
1186 2511 1342 2552 interfecit,
1363 2510 1391 2541 ὅ(
1406 2521 1439 2543 ex
1453 2512 1555 2542 cranio
1574 2510 1635 2549 ejus
1649 2512 1801 2551 poculum

1734 2552 1795 2582 fieri
