2007 2771
294 96 1529 181 ·AJo.ScHEFF.CoNscR11>1-A.

129 201 358 245 Demstero‚
397 207 436 243 &
453 202 655 244 nonnullis
676 203 784 246 aliis,
821 200 920 241 mihi
938 199 1122 254 equidem
1141 198 1245 239 haud
1264 199 1514 239 satisfiiciunt.
1578 197 1629 237 Et
1648 212 1728 240 me-

129 285 217 311 cum
239 271 409 311 sentiunt
430 285 477 311 ex
498 271 659 311 eruditis
679 270 860 324 plurimi,
898 282 998 322 quos
1018 269 1119 308 inter
1139 267 1194 307 est
1215 267 1430 321 Septimius
1441 265 1607 305 Florens
1627 279 1727 319 quo-

129 352 217 392 que.
288 339 389 380 Mox
412 339 589 394 Augusto
610 338 821 382 defuneto,
861 341 900 376 δε
920 336 1088 376 Tiberio
1110 333 1642 388 imperium'administrante
1665 335 1727 373 in-

128 406 225 447 cidit
246 407 287 446 in
304 407 562 448 calamitatem
582 421 787 461 magnam,
826 405 934 446 nulla
950 404 1013 444 sua
1031 404 1167 457 culpa,
1205 403 1298 443 ficut
1317 403 1526 456 aliquoties
1546 402 1726 446 testatur,

128 488 262 515 verum
283 475 378 516 odio
399 474 554 528 Sejani,
591 476 659 528 qui
678 488 767 514 eum
785 474 887 514 fiffls
910 472 1137 513 criminibus
1159 471 1399 512 accusaverat
1417 470 1549 523 juxta,
1588 475 1647 518 ὃς,
1684 482 1728 510 ut

127 543 201 582 fuit
223 542 529 597 potentissimus,
566 543 744 583 damnari
764 543 918 583 fecerat.
986 540 1047 580 Ita
1068 541 1175 579 enim
1196 540 1341 580 docent
1363 540 1477 579 verba
1498 550 1600 590 ejus,
1638 553 1726 593 qux:

126 612 309 666 leguntur
325 613 366 652 in
386 610 494 665 praef.
525 612 589 652 lib.
619 611 691 650 111.
730 612 820 651 Nec
839 608 1004 649 fortassis
1033 619 1111 648 tam
1140 608 1291 648 obscuri
1312 607 1416 648 tituli
1439 607 1523 647 sunt
1545 608 1726 647 crimina-

125 680 248 720 tionis
275 680 379 733 ejus,
416 691 459 720 ut
488 680 671 721 videntur
688 706 699 725 ‚
736 679 763 719 fi
785 680 883 719 bene
906 687 1131 730 reputamus
1151 701 1161 720 ‚
1198 678 1309 731 quod
1341 676 1509 716 versatus
1538 675 1655 716 fuerit
1683 676 1726 714 in

125 747 250 789 domo
269 748 455 804 Augusti,
493 750 541 789 ab
559 748 644 802 ipso
666 749 879 788 clementer
898 746 1074 789 habitus,
1112 747 1151 785 in
1171 745 1390 786 libertatem
1411 743 1616 785 restitutus.
1678 742 1725 783 Id

123 817 230 858 enim
249 818 392 871 absque
410 816 532 857 dubio
553 816 628 856 fuit
648 817 777 859 causa,
813 829 879 854 cur
903 813 1119 867 Augustum
1137 814 1267 866 primo
1289 840 1300 858 ,
1340 817 1379 852 8<
1401 827 1492 853 mox
1521 827 1569 853 eo
1587 811 1727 852 defun-

126 886 191 925 &o
215 886 392 940 posteros
412 885 517 925 illius
538 896 681 926 amaret
700 884 936 935 coleretque.
995 881 1111 933 Qos
1129 881 1231 922 inter
1252 896 1339 921 cum
1362 881 1536 921 extiterit
1554 882 1727 933 primum

123 954 305 1008 Agrippa
320 981 331 999 ‚
370 959 409 995 ὃ(
426 952 568 993 deinde
590 952 869 995 Germanicus,
907 962 988 990 non
1019 950 1153 1002 potuit
1172 949 1355 1002 profes'sto
1376 948 1502 988 deess'e
1529 949 1629 988 ratio
1649 949 1727 988 Se—

120 1021 215 1074 jano
247 1021 480 1063 criminandi
508 1020 682 1061 nostrum
712 1019 815 1075 apud
843 1018 1090 1059 invidentem
1110 1028 1228 1070 atque
1249 1018 1481 1072 suspicacem
1505 1015 1728 1070 principem

121 1089 338 1130 Tiberium.
410 1089 526 1129 Tulit
542 1100 668 1131 autem
694 1089 794 1129 hanc
809 1086 1069 1128 calamitatem
1089 1100 1235 1140 magno
1255 1089 1389 1128 animo
1402 1111 1413 1130 ‚
1452 1088 1490 1123 &
1513 1083 1727 1124 remedium

121 1158 301 1199 adversus
323 1173 408 1199 eam
430 1157 545 1211 petiit
563 1171 611 1196 ex
630 1157 783 1198 litteris.
804 1154 807 1159 ζ
855 1155 945 1194 Nec
964 1152 1170 1193 defuerunt
1189 1156 1323 1198 amici,
1363 1153 1431 1207 qui
1449 1166 1539 1191 eum
1558 1152 1728 1192 solaren-

122 1239 208 1272 tur,
246 1231 285 1267 &
305 1227 582 1281 promitterent
602 1225 706 1265 suam
728 1238 860 1279 opem.
897 1222 1005 1262 Inter
1023 1235 1124 1274 quos
1149 1224 1345 1278 hutychus
1368 1220 1585 1276 praecipue,
1608 1234 1727 1272 quem

120 1306 331 1350 propterea
353 1295 399 1335 ad
418 1292 605 1334 solvenda
625 1292 810 1346 promissa
836 1292 914 1331 fine
934 1290 1002 1330 lib.
1027 1289 1094 1329 lV.
1132 1289 1267 1331 sedulo
1290 1291 1530 1331 adhortatur.
1590 1288 1729 1341 Qan-

120 1362 174 1403 do
192 1363 298 1404 diem
318 1362 423 1402 suum
444 1361 609 1405 obierit,
645 1362 829 1416 ignotum
848 1358 911 1401 est.
985 1358 1129 1399 Saltem
1149 1359 1236 1412 post
1257 1359 1442 1413 Sejanum
1460 1357 1580 1400 vixit,
1620 1354 1731 1409 quod

120 1443 283 1485 apparet
305 1432 438 1474 exiis,
476 1443 562 1482 quae
582 1429 630 1469 cle
655 1430 741 1483 ipso
770 1430 897 1470 tradit.
969 1426 1060 1468 Nec
1085 1428 1192 1467 enim
1224 1427 1433 1468 verisimile
1454 1452 1465 1470 ,
1501 1424 1613 1464 fuisse
1640 1424 1728 1464 scri-

123 1510 281 1552 pturum
299 1500 395 1539 vivo
415 1497 557 1550 Sejano
577 1497 689 1543 talia,
728 1512 815 1537 cum
839 1502 883 1538 &f
898 1495 987 1549 post
1005 1497 1159 1537 obitum
1178 1496 1283 1536 illius
1305 1494 1530 1537 extiterint,
1567 1494 1637 1546 qui
1656 1493 1729 1533 ho-

121 1568 270 1608 minem
288 1578 519 1608 metuerent.
590 1566 713 1606 Periit
734 1581 857 1621 porro
881 1563 1044 1616 Sejanus
1065 1578 1171 1605 anno
1199 1564 1356 1605 Tiberii
1375 1562 1530 1603 decimo
1561 1562 1729 1604 octavo,

123 1637 144 1675 a
166 1649 247 1689 quo
263 1635 310 1676 ad
330 1635 571 1677 consulatum
587 1633 687 1688 Julii
704 1634 940 1677 solitarium,
979 1647 1060 1686 quo
1082 1633 1259 1673 Romam
1281 1631 1428 1672 veniffe
1450 1628 1599 1670 Noster
1619 1629 1727 1669 vide-

122 1716 205 1748 tur,
243 1705 335 1744 anni
356 1704 506 1743 circiter
525 1702 611 1743 sunt
640 1703 912 1757 septuaginta,
948 1713 992 1742 ut
1011 1702 1337 1756 septuagesimum
1366 1697 1553 1754 superasse
1582 1711 1729 1738 annum

123 1784 234 1812 aetate
254 1771 317 1811 sua
334 1773 379 1813 iit
398 1770 569 1813 necesse‚
607 1786 651 1811 ac
671 1783 882 1825 propterea
898 1782 970 1809 nec
992 1769 1118 1810 videri
1136 1769 1254 1822 possit
1272 1770 1412 1809 mirum
1427 1793 1438 1811 ‚
1476 1767 1594 1808 toties
1613 1766 1662 1809 de
1672 1767 1742 1807 se«—

122 1841 279 1880 nectute
296 1840 359 1881 sua
378 1839 578 1893 conqueri.
