2007 2771
448 77 778 159 JuniciA
838 93 935 137 ET
981 73 1545 135 TESTlMoNrA

498 197 619 237 Ola::s
631 197 852 237 Borriclyius
870 198 910 236 in
922 192 1271 262 ‚Pff’rtafffinil'm
1288 192 1333 232 de
1351 192 1499 232 Poetis.

266 284 453 327 Phaedrus
474 284 629 326 Thrax,
667 296 753 322 :nvo
774 283 929 322 Tiberii
951 282 1156 325 inclaruit,
1194 281 1415 322 notissimus
1438 280 1491 322 ob
1513 277 1728 332 exquisitos
1748 278 1795 317 il-

199 353 258 395 los
276 354 454 406 jambos,
490 353 631 404 quibus
665 350 811 390 fabulas
839 349 1045 403 AEsopicas
1072 346 1266 403 illigavit,
1307 349 1426 390 libere
1463 349 1504 388 in
1533 359 1664 388 mores
1683 345 1796 385 seculi

198 422 253 462 sui
274 447 284 466 ,
330 420 391 461 sed
422 420 523 459 teste
556 419 745 460 investus.
819 417 939 457 Hunc
967 418 1035 471 qui
1067 418 1158 458 Oet.
1183 417 1347 471 Augusti
1379 418 1581 458 Libertum
1614 413 1797 455 credunt,

200 504 281 530 non
314 488 517 529 advertunt
550 487 662 530 satis,
699 497 799 526 artes
831 485 961 537 Sejani
990 487 1037 525 ab
1066 500 1116 525 eo
1144 485 1326 528 attactas,
1363 499 1459 539 quas
1490 483 1627 536 utique
1643 482 1797 522 Tiberii

199 556 414 610 imperium
434 554 608 608 aperuit,
646 568 727 593 non
745 553 967 593 Oet-aviani.
1026 553 1159 593 Diffio
1183 566 1265 604 ejus
1285 566 1382 606 pura
1401 552 1476 595 est,
1515 555 1553 592 ὅ(
1578 548 1795 593 emendata,

199 639 270 666 nec
287 623 448 678 indigna
471 636 588 676 quam
612 623 813 660 imitentur
836 619 996 674 Linguae
1017 620 1164 660 Latinae
1184 619 1389 660 candidati.

574 719 680 760 Idem
697 720 742 759 de
761 721 885 759 variis
905 718 1065 774 Linguae
1085 719 1243 759 Latinae
1262 717 1446 758 aetatibus.

268 798 478 852 Subrogati
512 796 690 835 Atlantes
723 794 810 839 alii,
850 798 888 834 ὃ(
919 795 990 848 ipsi
1021 796 1146 835 fortes
1175 794 1345 849 fidique,
1383 794 1451 846 qui
1481 795 1684 848 antiquam
1709 794 1797 848 glo-

200 867 295 907 riam
317 866 369 905 ita
395 864 624 906 sustinuere,
659 875 701 902 ut
731 862 771 901 in
800 862 878 902 illis
905 863 967 902 vel
995 864 1117 907 nihil,
1153 865 1215 904 vel
1236 875 1373 917 parum
1398 872 1464 902 aut
1483 862 1798 918 peregrinitatis,

201 946 268 974 aut
303 933 416 973 invis1
447 931 541 972 senii
570 929 836 970 inter-noscas:
873 930 1118 972 Paterculum
1146 930 1336 988 designo,
1373 930 1579 975 Curtium,
1616 929 1797 974 Celsum,

200 1001 415 1043 Phaedrum
433 1005 504 1040 &c.

319 1099 474 1140 Daniel
487 1100 666 1153 Geogius
681 1099 889 1152 llfforhofius
906 1101 946 1139 in
966 1098 1058 1138 libro
1076 1099 1121 1139 dc
1140 1099 1290 1140 Patav.
1312 1099 1471 1140 Liviam.
1482 1107 1567 1153 pag.
1591 1113 1606 1138 1
1618 1102 1677 1150 58.

268 1185 456 1228 Phaedrus
484 1186 648 1241 Augusti
667 1187 728 1226 vel
747 1187 900 1227 Tiberii
931 1186 1115 1230 libertus,
1152 1197 1271 1242 gente
1297 1186 1435 1227 Thrax
1458 1210 1469 1230 ‚
1506 1185 1650 1239 AEsopi
1674 1184 1802 1225 Fabu-

201 1256 257 1295 las
278 1255 429 1297 Latinis
447 1255 643 1295 versiculis
661 1254 862 1308 descripsit
879 1253 987 1294 adeo·
1009 1253 1146 1294 nitidis
1177 1258 1216 1294 ὃς
1238 1254 1407 1298 limatis,
1446 1264 1489 1293 ut
1503 1253 1559 1293 nil
1582 1253 1804 1294 Romanius

202 1324 280 1364 dici
300 1323 491 1376 scribique
510 1322 637 1376 poffit.

618 1423 724 1463 Idem
741 1422 964 1476 Polyhistor.
973 1431 1077 1476 part.
1102 1437 1118 1462 1
1130 1436 1161 1463 1.
1170 1432 1261 1477 pag.
1281 1425 1343 1462 61.

270 1511 339 1553 Ne
370 1513 518 1555 fabulas
555 1514 716 1567 quidem
744 1514 845 1568 ipsas
871 1513 936 1553 hic
971 1514 1215 1567 excipimus,
1250 1512 1384 1566 estque
1404 1526 1453 1553 eo
1473 1512 1515 1552 in
1536 1524 1681 1568 genere
1701 1510 1802 1551 nihil

199 1580 357 1622 Phaedri
375 1581 516 1622 fabulis
536 1581 765 1637 elegantius.

467 1681 607 1733 Joann.
625 1681 735 1721 Ῥεῖν.
754 1680 880 1721 Titius
900 1680 1186 1721 Manudufi‘ion.
1206 1682 1259 1721 ad
1273 1679 1551 1734 excerpendum.

270 1754 357 1794 Effe
385 1754 474 1795 sane
494 1755 649 1796 Phaedri
668 1755 836 1797 Fabulas
869 1755 1029 1797 maximi
1058 1756 1174 1809 pretii
1192 1781 1204 1801 ,
1240 1757 1304 1797 vel
1325 1770 1373 1796 ex
1392 1769 1441 1795 eo
1463 1753 1634 1808 intelligi
1649 1752 1801 1807 potest,

202 1823 313 1876 quod
331 1834 409 1863 tam
432 1824 544 1864 multi
565 1824 664 1864 tanti
690 1825 864 1864 nominis
885 1824 959 1866 viri
975 1822 1163 1863 illustrare
1182 1838 1246 1865 eas
1264 1823 1454 1879 superiori
1477 1825 1517 1860 &
1538 1821 1668 1862 nostra
1686 1831 1799 1861 aetate

201 1891 355 1946 dignati
374 1890 472 1930 sunt.

467 1990 599 2044 Christ.
620 1989 870 2045 Whgenselius
886 1992 926 2029 in
945 1991 1050 2031 Pera
1067 1992 1244 2033 librorum
1258 1989 1515 2043 JztveniEttm.

274 2077 381 2118 Haesi
398 2079 581 2119 nonnihil
602 2080 830 2134 ambiguus,
867 2092 948 2132 quo
969 2080 1138 2120 maxime
1159 2080 1326 2132 antiquo
1344 2082 1383 2117 &
1403 2078 1580 2131 ingenuo
1602 2075 1724 2121 libro,
1737 2075 1804 2117 Fi-

203 2147 299 2186 lium
323 2159 486 2200 puerum
506 2147 711 2187 Latinitati
730 2148 937 2187 initiarem.
1008 2147 1195 2200 Cumque
1225 2160 1298 2187 nec
1325 2144 1505 2186 severitas
1538 2143 1803 2197 Epistolarum

207 2213 414 2254 Ciceronis
432 2239 444 2258 ,
480 2228 552 2254 nec
581 2215 679 2254 alius
707 2215 858 2255 Auctor
892 2214 1094 2269 prolixus,
1131 2215 1235 2255 acin
1260 2227 1387 2255 rerum
1406 2212 1696 2266 verborumque
1720 2227 1803 2253 am-

204 2281 441 2335 plitudinem
477 2281 637 2321 diffusus
655 2307 667 2326 ,
710 2282 908 2324 videretur
936 2283 1094 2324 tantillo
1120 2283 1252 2336 captui
1279 2281 1492 2323 convenire
1510 2305 1522 2323 2
1560 2279 1803 2333 Qintiliani

206 2350 370 2390 consilio
390 2349 520 2389 locum
539 2349 710 2391 dandum
730 2352 806 2391 effe
822 2364 974 2392 mecum
993 2351 1107 2392 statui
1118 2376 1129 2395 ,
1166 2351 1237 2403 qui
1252 2348 1363 2390 'aetati
1381 2348 1562 2390 nondum
1578 2348 1801 2389 Rhetorem

204 2418 401 2472 capienti,
439 2417 581 2471 AEsopi
601 2417 784 2464 fabellas,
818 2418 996 2462 sermone
1014 2432 1142 2474 puro,
1179 2423 1218 2461 &
1243 2417 1345 2460 nihil
1367 2417 1405 2459 se
1422 2417 1535 2473 supra
1557 2415 1720 2459 modum
1739 2428 1804 2456 ex·

1655 2483 1800 2525 tollen-
