2007 2771
295 75 584 135 LIBRI
642 75 722 137 V.
783 73 1207 135 FABULA
1254 75 1362 135 VI.
1386 73 1527 135 VII.
1626 93 1727 144 145

141 168 424 233 Ostendit
447 172 543 233 ille
575 171 861 256 praedam,
914 174 983 234 δε
1015 169 1223 246 adjecit
1250 168 1452 230 fimul:

142 271 425 355 Superum
451 270 724 333 voluntas
754 266 906 332 favit
923 316 936 336 ‚
981 268 1080 331 sed
1109 268 1236 331 fato
1262 268 1509 332 invido:

137 373 516 445 Carbonem,
561 390 626 432 ut
652 376 847 448 ajunt,
891 390 1000 454 pro
1029 367 1295 429 thesauro
1332 370 1690 432 invenimus·

219 475 250 524 Ἥ
295 470 494 552 Qem
520 469 646 555 spes
675 470 913 544 delusit,
958 468 1094 529 huic
1122 468 1358 552 querela
1390 469 1691 530 convenit.

179 575 206 605 5.
227 563 248 595 S
256 572 279 596 υ
287 573 328 595 PE
337 573 359 595 R
367 575 389 596 u
398 575 422 596 M
445 575 463 596 v
473 574 494 596 o
502 575 521 597 L
530 576 554 598 u
562 577 582 597 N
590 578 610 599 T
618 578 641 599 A
650 577 662 598 s
684 577 700 599 F
709 578 731 599 A
740 578 759 599 v
768 579 777 599 1
786 569 828 609 τ]
842 568 913 600 Hoc
954 577 1030 606 ram,
1039 577 1093 598 nec
1107 568 1194 597 ullius
1201 568 1291 606 pretii.
1306 567 1459 598 Carbones
1473 566 1581 596 scilicet
1589 566 1663 595 olim
1671 573 1737 604 pro-

136 615 255 647 quoque
280 607 401 637 solenne
428 615 497 638 erat.
539 607 689 640 Dicebant
715 612 784 642 talia
812 619 829 641 a
857 610 912 641 diis
954 616 1015 649 pter
1037 610 1144 639 limites
1158 607 1355 640 defodiebant.
1371 608 1484 640 Confer
1498 609 1516 637 l.
1534 617 1560 648 3.
1574 606 1594 637 f.
1612 616 1657 637 12.

135 649 206 680 dari.
221 647 304 687 Quid
318 648 337 678 fi
351 649 447 679 versus
463 650 503 679 ita
518 650 724 690 constituatur,
998 649 1032 681 U
1042 659 1062 680 τ
1085 659 1159 689 Α]υ
1170 651 1240 691 NT]
1275 650 1363 681 Ceffit
1384 651 1465 681 enim
1488 650 1516 679 in
1537 647 1735 688 proverbium.

215 689 354 730 Superum
369 689 498 720 voluntas
502 691 605 731 favit,
625 700 657 722 at
663 695 727 731 fato
740 692 861 724 invido?
955 691 1025 722 Vid.
1041 690 1155 722 Erasini
1169 691 1298 722 Chiliad.

174 729 341 771 Invmo]
363 731 486 770 Iniquo,
508 741 570 762 non
585 734 709 765 favente.
998 742 1024 771 7.
1047 733 1168 772 QUEM
1191 741 1276 764 spes
1298 733 1496 773 Derusir]
1531 730 1592 770 Qui
1617 730 1665 769 spe
1684 728 1736 760 sua

175 771 204 802 6.
226 771 253 802 C
261 780 284 801 A
292 781 313 802 R
322 782 339 803 B
348 781 369 803 0
377 783 397 804 N
404 781 422 803 E
431 773 477 813 Μ]
499 772 579 805 Rem
598 776 684 806 nobis
705 786 766 807 non
782 775 914 815 profutu-
955 773 1101 805 frustratus
1116 772 1162 803 est.

473 920 536 1000 F
654 921 731 1001 A
848 925 929 1003 B.
1109 923 1398 1002 VII.

406 1043 941 1087 PRINCEPS
1018 1047 1484 1089 TIBICEN.

134 1145 251 1258 U
272 1167 340 1210 131
388 1170 572 1211 vanus
609 1152 834 1210 animus
858 1191 876 1216 ,
926 1172 1059 1211 aura
1087 1170 1290 1237 captus
1322 1149 1537 1215 frivola
1556 1192 1574 1218 ‚

267 1246 530 1331 Arripuit
559 1245 907 1311 insolentem
936 1250 1045 1310 fibi
1077 1248 1387 1316 fiduciam,

131 1345 322 1408 Facile
349 1344 422 1406 ad
452 1344 707 1407 derisum
737 1347 901 1409 stulta
932 1349 1134 1411 levitas
1164 1348 1408 1409 ducitur.

213 1461 245 1498 ‘ff
291 1448 564 1530 Princeps
591 1446 815 1507 tibicen
844 1450 1042 1508 notior
1071 1447 1249 1531 paulo
1279 1445 1419 1513 fuit,

1745 298 1769 335 5

135 1549 401 1632 Operam
429 1543 699 1629 Bathyllo
727 1542 930 1638 solitus
961 1548 1021 1605 in
1054 1544 1220 1606 scena
1249 1545 1403 1606 dare.
1742 1574 1768 1612 5

1676 1635 1734 1694 Is

647 1713 679 1744 A
721 1712 753 1743 D
836 1713 860 1743 F
903 1712 934 1743 A
976 1712 1010 1743 B.
1087 1713 1118 1743 V
1161 1712 1174 1743 1
1217 1712 1238 1742 Ι.

177 1779 202 1800 1.
236 1767 316 1800 Um
346 1774 479 1799 VANUS
507 1768 693 1808 Annuus]
735 1767 914 1806 Plerumque
956 1767 1090 1797 rideatur.

134 1811 278 1851 contingit
297 1833 306 1848 ,
339 1817 370 1839 ut
384 1809 519 1839 homines
540 1818 594 1838 nec
614 1816 692 1839 certa
706 1810 851 1848 proposita
865 1811 914 1839 ha·
997 1807 1016 1838 S
1026 1817 1045 1838 1·
1055 1818 1077 1838 u
1087 1817 1104 1838 L
1114 1817 1133 1838 1·
1143 1816 1165 1837 Α
1188 1817 1231 1839 LE
1241 1818 1259 1839 v
1269 1819 1277 1839 l
1288 1817 1307 1839 T
1317 1810 1381 1850 As]
1411 1809 1513 1840 Vanus
1535 1812 1666 1851 animus,
1689 1814 1735 1843 vel

135 1853 232 1883 bentes
245 1874 254 1889 ,
276 1851 367 1881 inflati
382 1851 506 1889 parvulo
519 1849 645 1880 successu
661 1851 787 1881 audeant
802 1850 914 1889 sperare
955 1850 1068 1879 vanitas
1085 1850 1136 1878 illa
1151 1850 1253 1879 animi.

134 1892 249 1930 majora
263 1892 363 1922 solitis.
405 1890 463 1921 Sed
481 1891 549 1921 huic
563 1891 744 1930 consequens
759 1891 812 1931 est,
835 1899 865 1921 ut
881 1893 914 1921 il-
995 1900 1024 1930 4.
1047 1889 1264 1931 Pamcrps]
1287 1889 1413 1921 Nomen
1434 1893 1596 1931 proprium.
1618 1892 1737 1925 Princi-

134 1936 233 1965 lotum
248 1934 347 1963 levitas
361 1933 461 1973 agnita
475 1932 634 1962 ludibrium
649 1933 760 1964 debeat.
947 1934 995 1972 pis
1017 1931 1216 1961 Grammatici
1237 1933 1372 1962 meminit
1394 1933 1551 1964 Suetonius
1574 1935 1622 1965 lib.
1643 1936 1679 1965 de
1701 1935 1738 1966 11-

174 1975 318 2015 AURA]
341 1974 431 2015 Vulgi
445 1974 537 2014 gratia
558 1973 586 2002 ἃ
600 1973 708 2005 favore.
738 1974 844 2005 Horat.
865 1972 914 2003 od.
955 1971 1086 2002 lustribus
1106 1972 1319 2003 Grammaticis
1341 1983 1403 2012 cap.
1425 1985 1452 2014 4.
1476 1976 1517 2005 his
1539 1977 1631 2005 vei-bis
1648 1987 1654 2007 ;
1683 1976 1738 2007 Me

136 2027 163 2048 2.
177 2017 225 2046 lib.
242 2025 268 2057 3.
954 2014 1068 2057 quidem
1083 2013 1293 2053 adJIescent71l0‚
1314 2022 1403 2055 repeto
1416 2017 1554 2058 quendam
1570 2016 1737 2058 Principem

255 2057 381 2087 Arbitrio
390 2055 529 2098 popularis
541 2066 628 2086 aune.
955 2059 1067 2084 nomine
1078 2079 1086 2094 ,
1113 2054 1230 2084 alternis
1244 2056 1339 2085 diebus
1355 2056 1511 2086 declamare
1525 2082 1533 2096 ,
1555 2058 1667 2088 alternn
1681 2059 1735 2096 dis2

137 2096 219 2139 Vitg.
232 2098 252 2128 6
264 2097 385 2128 AEneid.
948 2103 1072 2137 putare,
1090 2097 1227 2126 nonnullis
1242 2108 1309 2127 vero
1325 2108 1407 2127 mane
1422 2098 1561 2138 dzſjbrere,
1579 2100 1635 2140 plst
1650 2103 1736 2129 meri-

218 2138 306 2170 Nunc
319 2139 500 2183 quoquejam
520 2140 646 2169 nimium
663 2136 789 2178 gaudens
797 2136 915 2180 popula·
955 2137 1046 2174 diem,
1071 2144 1174 2183 remotq
1188 2136 1314 2178 pulpito,
1335 2138 1492 2169 declamare
1506 2140 1632 2179 fhlitmn.
1665 2140 1734 2171 Vid.

294 2180 366 2209 ribus
379 2190 462 2210 auru.
955 2177 1072 2208 Gruter.
1089 2177 1270 2216 Inscription.
1294 2186 1487 2211 Dcccxxxin.
1506 2190 1551 2211 lo.
1581 2181 1623 2212 Ita
1639 2184 1738 2212 nomi-

139 2219 206 2252 Ubi
219 2218 334 2250 Servius
349 2221 482 2259 exponit,
503 2219 670 2250 favoribus.
691 2218 772 2249 Unde
786 2218 825 2254 ἐς)
839 2219 916 2250 AU-
955 2228 994 2249 na
1015 2221 1131 2258 propria
1145 2219 1216 2249 'sunt
1231 2243 1239 2258 ,
1266 2219 1330 2250 Rex
1341 2245 1349 2260 ,
1381 2220 1513 2262 Regulus
1527 2246 1535 2260 ,
1562 2222 1739 2263 Tyrannus,

140 2269 261 2292 RARu
282 2260 416 2291 dicuntur
422 2261 574 2298 favitores.
601 2260 710 2290 Cicero
731 2260 824 2300 dixit,
844 2272 915 2291 ven·
954 2259 1112 2299 Tyrannio
1125 2284 1134 2299 ,
1155 2260 1272 2299 Creon,
1295 2261 1420 2301 Creusa,
1442 2262 1470 2293 ὅ(
1483 2265 1540 2294 alia
1555 2264 1582 2294 id
1598 2274 1697 2305 genus.

140 2310 186 2334 tus
217 2300 350 2343 opularis,
370 2304 454 2332 venti
466 2304 633 2332 concionum.
798 2316 802 2320 ·
997 2300 1032 2332 N
1042 2312 1060 2332 o
1070 2311 1089 2332 τ
1099 2312 1107 2333 ι
1117 2310 1168 2332 oR
1191 2305 1347 2344 PAULO]
1369 2304 1472 2345 Quam
1486 2306 1535 2336 alii
1551 2306 1680 2344 ejusdem
1689 2315 1737 2347 ge-

215 2352 237 2374 R
248 2351 314 2373 ivo
324 2352 373 2374 LA
415 2341 540 2382 Fragssi,
561 2351 624 2380 quae
638 2343 698 2372 cito
714 2344 794 2382 perit.
958 2344 1032 2374 neris
1047 2345 1191 2374 homines.

184 2395 211 2416 2.
233 2383 336 2430 8131]
385 2385 513 2424 leganter
527 2383 655 2414 abundat
672 2385 916 2424 haecvocula,ut
999 2393 1027 2422 5.
1048 2384 1224 2415 OPERAM
1246 2394 1464 2418 BATHYLLO
1487 2386 1739 2426 sorirusssn-

142 2425 213 2466 saepe
227 2424 304 2464 apud
318 2425 478 2464 lcriptores.
962 2426 1030 2456 flare
1045 2426 1128 2456 tibias
1143 2425 1253 2463 solitus
1261 2427 1298 2458 ad
1314 2437 1385 2467 quas
1395 2428 1545 2468 Bathyllus
1567 2430 1676 2458 mimus
1686 2427 1740 2457 sal-

185 2477 213 2510 3.
234 2467 294 2498 AD
314 2466 524 2507 DEMSUM]
545 2464 595 2497 Ad
610 2465 782 2498 derisionem
797 2490 806 2507 ,
827 2473 857 2498 ut
874 2467 923 2498 de-
964 2467 1147 2539 tarctTVixit
1163 2469 1208 2498 hic
1222 2467 1372 2508 Bathyllus
1388 2477 1520 2509 tempore
1534 2468 1665 2538 Aulgusti.
1725 2509 1741 2550 ]

1528 2517 1554 2548 7.
1607 2519 1624 2539 Ε
1634 2518 1652 2539 c
1662 2517 1686 2539 M
1694 2517 1715 2538 A
